4130 5424
929 1 961 70 Χ
1099 75 1105 84 .

655 286 714 349 w
876 239 1579 371 nissERTArJo

584 375 716 467 dusiis
746 371 862 470 oris,
891 370 1140 488 augescunt.
1188 368 1322 478 Quod
1363 367 1697 486 praestantissimus
1734 365 1872 454 Poeta

549 491 647 576 'liis
677 485 854 578 versibus
882 482 1144 600 significavit:
1651 517 1655 527 ·
1713 501 1720 512 ·
1862 487 1871 537 ῑ

699 621 856 684 Certum
884 601 934 709 est
961 605 1002 680 in
1020 594 1145 706 sylvis
1171 603 1277 678 inter
1295 589 1430 710 spelaea
1447 598 1629 709 ferum

701 713 842 810 Malle¹
878 719 967 803 ati,
995 706 1209 818 tenerisque
1238 737 1336 789 meos
1362 711 1531 790 incedere
1559 735 1703 790 amores

598 833 608 888 -'
698 735 937 905 Arborisn:
969 815 1132 928 crescent
1161 819 1235 899 illc
1246 853 1261 914 ,·
1290 819 1464 927 crescetis
1489 847 1649 902 amores.

585 943 638 1026 Et
668 933 748 1017 hac
777 932 947 1049 quidem
974 932 1137 1013 ratione
1168 951 1400 1026 truncum,
1439 928 1656 1048 ramosque
1685 925 1864 1026 crescere

587 1072 676 1134 non
706 1037 960 1132 inverifimile
989 1039 1268 1125 crediderim.
1298 1039 1499 1129 Radicum
1528 1065 1701 1160 quoque
1722 1043 1868 1128 eadem

446 1173 451 1184 ’
585 1181 732 1244 natura
760 1151 958 1248 videtur,·
996 1177 1090 1238 nam
1118 1151 1257 1238 succus
1285 1149 1404 1266 supra
1441 1153 1601 1239 nodum
1644 1174 1869 1240 contentus

588 1263 772 1356 utriculis
813 1288 1025 1380 germnas,
1066 1259 1310 1379 fibrillssque
1338 1264 1532 1363 subiens,
1569 1265 1757 1354 deorsum
1798 1294 1869 1352 eas

586 1376 819 1496 propellit,
849 1371 998 1489 quibus
1030 1377 1046 1480 (
1074 1378 1117 1458 in
1144 1374 1317 1461 carnosis
1346 1379 1599 1490 potiffimum
1626 1374 1865 1490 radicibus)

586 1489 752 1608 plurimi
781 1484 1055 1576 utriculorum
1081 1486 1246 1576 ordines
1274 1487 1618 1602 interponuntur.

588 1719 790 1936 HAEc
817 1713 972 1811 habui,
1002 1743 1095 1837 quse
1118 1720 1173 1806 de
1201 1711 1410 1830 principiis
1434 1714 1449 1810 ξ
1475 1717 1528 1804 de
1557 1715 1738 1831 partibus
1770 1719 1783 1812 ς
1812 1713 1869 1805 de

738 1825 923 1914 humoris
951 1831 1087 1926 cursu,
1117 1831 1455 1916 deincremento
1482 1827 1746 1943 plantarum,
1775 1829 1865 1924 Te,

589 1949 809 2058 Ampliffime
836 1944 1079 2038 Moderato,
1110 1941 1325 2055 presente,
1352 1963 1638 2050 proponerem
1647 1971 1662 2033 ,·
1680 1934 1870 2062 reliqua,-

588 2081 683 2169 quae
708 2052 876 2166 semper·
893 2053 1105 2148 auvustis,
1134 2053 1292 2166 semper
1318 2045 1485 2147 faustis,
1513 2052 1669 2163 semper
1697 2049 1867 2158 optimis

587 2163 786 2278 Auspiciis
809 2166 908 2250 Tuis
950 2163 1148 2252 eliciffima
1171 2164 1291 2250 nobis
1315 2161 1623 2276 portendimus,
1647 2181 1870 2285 antequam

586 2275 849 2393 singularium
875 2273 1062 2388 stirpimn
1089 2273 1359 2362 ostensionem
1387 2275 1696 2391 aggrediamur,
1723 2269 1884 2358 diebus

589 2389 793 2500 proximis
824 2410 1090 2500 peragemus.
1118 2392 1276 2472 Interea
1305 2383 1454 2500 quibus
1484 2385 1639 2480 verbis,
1670 2408 1754 2508 qua
1773 2409 1869 2496 grc-

590 2499 741 2584 riarum
768 2496 936 2580 'afflone
975 2495 1213 2585 devinslum
1252 2499 1432 2586 animum
1461 2499 1556 2586 Tibi
1594 2492 1867 2611 fignificabo,

590 2610 666 2723 qui
695 2634 791 2692 cum
818 2605 860 2688 in
888 2609 1156 2696 maximarum
1182 2635 1320 2696 rerum
1347 2607 1524 2696 consiliis
1544 2671 1556 2707 ,
1576 2637 1633 2696 *ac
1661 2606 1705 2689 in
1733 2605 1865 2690 totius

586 2717 839 2833 Reipublicae
865 2717 1210 2806 administratione
1238 2720 1445 2808 clarissime
1485 2720 1688 2815 verseris,
1728 2713 1868 2832 paulis-

588 2848 665 3030 per
692 2827 870 2944 sepositis
900 2829 1067 2917 aliarum
1096 2831 1351 2945 publicarum
1379 2835 1587 2921 rationum
1613 2831 1754 2926 curis,
1783 2850 1865 2916 tam
1900 2917 1905 2928 ,

620 2944 769 3057 enigne
797 2964 967 3027 attentas
997 2971 1111 3031 aures
1140 2943 1240 3028 mihi
1269 2941 1503 3057 praebuisti?
1526 2946 1694 3034 Fabium
1721 2946 1863 3060 itaque

591 3051 683 3148 cst,
712 3055 831 3164 quod
858 3079 1071 3174 nunquam
1097 3054 1183 3138 fieri
1213 3056 1323 3166 polle
1353 3055 1601 3156 arbitrabar,
1630 3079 1677 3146 ut
1702 3058 1868 3174 gravio-

593 3163 866 3280 ridignitaris
905 3165 1024 3252 oneri
1050 3165 1322 3284 gravissimum
1362 3167 1657 3258 beneficiorum
1701 3163 1868 3297 pondus

591 3269 639 3357 lit
665 3274 889 3387 adjesium:
951 3305 1069 3374 uarc,
1091 3303 1186 3363 cum
1213 3275 1327 3364 nullo
1351 3280 1581 3369 'verborum
1600 3281 1742 3370 officio
1768 3301 1870 3362 con-

594 3407 658 3469 tra
689 3387 846 3472 conniti
874 3303 1055 3485 vairam,
1084 3386 1184 3474 illud
1213 3411 1370 3480 tantum
1399 3393 1608 3505 adjiciam:
1636 3391 1757 3510 quod
1784 3385 1871 3473 hoc

596 3515 744 3586 munus
785 3499 1277 3599 honorificentissimum,
1314 3513 1585 3620 Sapiennffimis
1631 3509 1869 3590 Triumviris

594 3622 818 3694 Litterariis
844 3606 1143 3708 referentibus,
1180 3613 1280 3695 mihi
1319 3645 1343 3699 a
1379 3635 1427 3704 Ve
1456 3650 1497 3702 ro
1526 3615 1870 3704 AUGUSTISSI·

595 3720 685 3802 ΜΟ
708 3725 945 3805 -SENATU
972 3719 1213 3818 decretum,
1244 3720 1297 3811 sic
1325 3757 1349 3811 a
1378 3731 1463 3824 Te,
1491 3735 1707 3847 Ampscffme
1733 3715 1872 3810 node,

551 3841 555 3852 '
596 3843 721 3924 lator,
751 3834 1015 3941 acceperim,
1043 3833 1111 3918 etsi
1139 3835 1387 3925 incredibile
1414 3835 1461 3925 sit
1480 3843 1597 3960 quod
1623 3834 1871 3950 Praestcnttffl

597 3943 1074 4040 misrriumvirc'sdebeo,
1089 3944 1295 4034 infinitum
1305 3974 1450 4052 autem,
1463 3955 1579 4070 quod
1595 3951 1803 4038 SUMMO
1823 3944 1870 4028 δί

591 4053 935 4172 GRAVlSSlMO
964 4059 1187 4154 ORDlNl,
1217 4065 1352 4148 tanen
1381 4069 1501 4183 quod
1528 4063 1631 4149 mihi
1658 4056 1867 4173 obtigerit,

591 4183 647 4248 ut
673 4165 736 4250 Te
763 4188 806 4244 rn
832 4162 912 4250 hnc
941 4168 1118 4254 Ciuitate
1166 4170 1445 4286 amplillimum
1487 4175 1767 4292 magistratum
1833 4194 1874 4250 e-

598 4294 745 4372 rente,
774 4297 820 4360 ut
856 4279 957 4390 Tuis
997 4275 1222 4374 felicissimis
1261 4289 1492 4404 Auspiciis,
1533 4311 1581 4378 ut
1608 4291 1674 4402 Te
1704 4311 1752 4400 pr
1801 4304 1873 4368 cn-
