4126 5420
671 211 1015 325 SEXTA:
1337 271 1355 332 1

210 353 379 447 liciniis
391 339 610 468 producit,
638 349 768 462 spatio
789 369 927 435 tamen
945 352 1065 438 unius
1083 349 1204 469 digiti
1217 353 1315 445 hinc
1329 275 1386 448 &3
1388 275 1489 454 iisne

115 531 116 536 κ
216 465 494 556 cireacostam
514 463 693 576 integra.
720 463 819 544 Haec
840 455 891 550 ab
913 459 1002 573 ipso
1024 485 1176 586 eiiortu
1194 464 1338 556 foliosa
1358 474 1488 587 ipsum

216 577 373 666 caulem
393 571 505 696 quasi
526 571 858 686 amplebiuntur.
886 569 1027 658 Cauiis
1053 598 1188 686 porro
1218 579 1320 668 striis
1348 583 1489 674 subru..

216 689 299 780 bris
328 717 400 803 per
427 683 730 803 longitudinem
758 678 890 768 dusiis
918 682 1127 802 inaequalis
1156 687 1200 770 in
1237 720 1375 783 ramos
1410 691 1489 784 dif-
1542 729 1545 734 ·

216 797 402 889 fiinditur
424 796 623 912 soliorum
645 792 716 878 alis
739 793 1020 920 egredientes:
1053 794 1118 882 his
1139 793 1297 892 summis
1311 804 1488 896 infident

218 909 417 1028 capitula,
446 915 671 1022 antequam
696 905 1088 1017 floresaperiantur
1115 905 1309 1032 globosa,
1337 921 1486 1035 apertis

216 1051 265 1114 uc
286 1019 470 1138 expansis
489 1015 680 1127 floribus,
700 1017 873 1103 conica.
900 1013 1039 1102 Flores
1061 1019 1262 1134 flosculosi
1281 1027 1369 1114 sunt
1418 1060 1487 1116 ro·

215 1136 307 1256 prie
334 1135 455 1233 diui,
473 1123 778 1242 „monopetalh
816 1125 860 1210 in
894 1153 971 1212 ora
1009 1128 1343 1246 quinquefariam
1385 1141 1488 1240 effi,

212 1248 355 1346 albida
384 1239 540 1358 petala,
571 1271 619 1326 ac
647 1235 767 1326 tubas¹
792 1231 968 1324 ferentes
993 1297 1005 1336 ,
1033 1242 1230 1354 vaginam
1249 1271 1388 1340 autem
1415 1249 1490 1339 sta.

167 1375 170 1384 '
212 1353 619 1456 mineamluteolam.
646 1347 1071 1473 Comprehenduntur
1097 1349 1248 1476 calyce,
1282 1361 1398 1482 quis
1421 1389 1491 1450 ua.

216 1472 294 1566 mis
323 1462 585 1586 inaequalibus
614 1457 846 1552 conflatur,
873 1483 918 1538 in
936 1453 1059 1582 exiles
1079 1457 1208 1570 spmas
1233 1389 1490 1566 abeuntibus.

216 1580 381 1668 Semina
408 1567 655 1688 compressa,
676 1569 877 1682 utrinque
899 1570 1319 1678 acuminata,albida,
1338 1583 1488 1688 nitida,

216 1691 264 1786 in
292 1690 423 1776 altero
452 1683 640 1770 emremo
662 1739 675 1774 ,
700 1705 792 1796 quo
821 1671 953 1762 flores
980 1675 1228 1783 sustentant,
1257 1715 1402 1806 pappo
1429 1696 1489 1778 in.
1649 1785 1655 1796 ι

216 1799 401 1910 strum,
441 1794 573 1904 altero
614 1787 797 1878 thalasim
825 1785 1040 1880 filainenti's
1069 1791 1249 1884 candido
1278 1801 1492 1904 adhaeren-

207 1915 293 2032 ψ·
339 2023 341 2028 .
883 1985 927 2035 ,’.
1264 1991 1270 2000 ·

272 2031 357 2111 Has
386 2043 524 2110 autern
549 2043 685 2135 partes
713 2015 794 2108 hac
821 2017 1012 2133 finitione
1040 2021 1415 2139 comprehendam]
1489 2043 1493 2050 '

275 2139 383 2220 Xlll.
404 2137 561 2245 Cirstiim
583 2137 899 2249 Alpinum,filiis
915 2137 969 2216 ad
988 2136 1115 2243 costam
1125 2148 1306 2254 integris,
1329 2170 1400 2258 per
1409 2142 1488 2228 ani}

219 2317 225 2328 .
328 2247 451 2329 bitum
471 2253 672 2362 inemptas
693 2249 851 2332 inuias
860 2245 988 2360 filiis,
1004 2245 1105 2356 flore
1124 2250 1276 2350 albidi,
1302 2257 1486 2371 Aspbode‹

325 2364 361 2440 li
388 2361 541 2443 radice.
1362 2415 1366 2424 ·

271 2465 497 2583 Supersunt
517 2493 612 2584 quae
632 2467 926 2584 campestribus
954 2463 1057 2552 locis
1084 2443 1337 2589 gignuntur.
1376 2447 1378 2454 ,

269 2585 365 2664 Hoc
395 2606 493 2670 arva
520 2574 677 2665 infestat
687 2617 702 2679 ,-
730 2583 783 2668 de
813 2609 903 2698 quo
931 2583 1062 2672 Poeta
1091 2584 1254 2674 tortass'e
1282 2583 1485 2686 intellexit

151 2733 155 2744 ·
213 2689 317 2782 dum
343 2688 431 2774 haec
458 2689 602 2776 litteris
630 2694 866 2782 mandavit:

435 2852 535 2876 ...-
560 2804 758 2914 Segnisque
788 2805 964 2892 horreret
990 2812 1032 2894 iii
1058 2812 1166 2898 'arvis

212 2957 217 2966 ·
269 2916 468 3000 carduus.
664 2995 669 3002 .
1283 2959 1286 2966 ·
1369 3002 1372 3010 ,

273 3025 458 3121 Finitus,
494 3021 619 3138 casp.
649 3027 839 3114 Baithno
860 3035 1054 3131 auuore,
1082 3039 1255 3120 cardias
1279 3039 1487 3132 vincirent

214 3134 530 3334 'repen53tsonchi'
543 3141 647 3253 folio
672 3149 756 3224 Pin.
768 3172 859 3254 377.
884 3149 1033 3260 Aptius
1062 3143 1384 3239 Tournefortiu's
1409 3179 1488 3246 no·

274 3276 366 3336 nai
423 3317 428 3326 .

184 3371 186 3374 ’
213 3275 394 3475 lelvV.
423 3355 578 3473 cirfium
603 3367 790 3480 arvense,
825 3371 959 3456 senche·
972 3379 1104 3488 filio,
1140 3373 1270 3458 radice
1298 3378 1486 3484 repente,

212 3537 216 3543 -
319 3475 419 3590 flore
444 3475 728 3591 purpurascente
755 3481 836 3592 Just,
864 3485 914 3568 R.
940 3479 1166 3589 Herb.448.

271 3589 404 3700 Hujus
431 3585 510 3672 tria
539 3588 839 3680 observavimus
869 3591 1130 3682 discrimina:
1161 3593 1348 3680 occurrit
1376 3593 1484 3684 enim

215 3697 459 3825 'quibusdam
491 3703 535 3785 in
562 3699 689 3801 locis,
715 3703 835 3822 quod
860 3699 968 3792 soliis
996 3702 1196 3792 laciniaiis
1226 3701 1400 3820 superne
1424 3709 1486 3795 vi-

213 3811 439 3928 ridioribus
463 3876 475 3912 ,
502 3805 659 3899 inferne
688 3813 890 3929 pallidulis
918 3837 1121 3904 ornatur:
1162 3810 1335 3922 alterum
1363 3814 1484 3947 quod

212 3917 326 4008 foliis
353 3919 487 4012 subtus
517 3924 722 4014 candidis:
753 3931 919 4018 tertium
944 3930 1147 4043 denique,
1170 3925 1482 4044 quodfoliisin,

211 4029 329 4159 (erne
356 4034 531 4150 quidem
554 4037 813 4138 candidis,at
839 4042 1016 4156 integris¹
1036 4040 1160 4156 usque
1189 4037 1240 4124 ad
1263 4039 1481 4166 sunninum.

176 4175 177 4178 ‘
269 4151 397 4236 Nunc
427 4149 479 4235 ad
509 4146 695 4238 ultimum
722 4153 994 4249 accedamus,
1034 4153 1153 4268 quod
1191 4148 1480 4236 humilioribus

211 4259 368 4381 svau
393 4259 551 4386 ,sellun
568 4261 836 4386 siuissent
861 4285 991 4380 vocat
1001 4257 1412 4470 ITournefortivXV
