4120 5414
664 239 752 342 176
882 203 1318 326 DJS'SERT
1351 199 1591 334 Aulo
1757 335 1762 342 ι

636 349 776 436 Prima
812 333 957 450 [forma
1005 364 1055 422 ae
1126 329 1350 418 soceritate
1387 326 1554 449 insignis
1595 341 1717 418 extat
1757 345 1881 454 apud.

583 465 798 653 Joanuesrt¹
816 458 967 572 Rajum
995 449 1038 536 in
1064 357 1172 534 Ιίξῐο
1201 444 1276 564 qui
1292 444 1599 562 strpplcmentum
1618 447 1873 555 nominatur,

586 577 674 666 hoc
702 575 781 657 citu
799 594 851 656 o:
908 663 912 670 ,

639 693 673 774 1.
701 681 930 772 Centaurea
957 681 1160 806 Africana,
1182 679 1410 795 fruticans,
1444 673 1559 794 foliis
1586 675 1764 764 Critbmr'
1793 713 1872 770 maa

696 808 778 884 rini
803 813 911 880 Hort.
940 797 1051 907 Amst.
1135 866 1140 874 .

640 909 688 998 In
718 911 799 1000 hac
826 905 959 996 mense
988 905 1232 1025 plerunque
1261 897 1428 1021 quintili
1455 897 1508 988 de
1534 901 1695 994 summis
1725 933 1861 1000 ramu-

584 1027 631 1112 lis
662 1028 705 1108 in
733 1019 978 1139 corymbum
1006 1017 1221 1135 prodeunt
1259 1013 1442 1130 capitula
1469 1012 1642 1134 squamis
1670 1021 1864 1108 imbrica..

585 1139 659 1223 tirn
687 1134 1004 1250 circunquaque
1024 1129 1190 1250 digestis
1219 1127 1453 1248 inaequalia.
1483 1133 1629 1216 Paucis
1655 1133 1745 1246 post
1778 1133 1865 1220 die«

586 1250 661 1336 bus
689 1247 779 1334 hacc
809 1246 1071 1359 aperiuntur,
1111 1242 1160 1329 δι
1197 1240 1349 1361 singula
1369 1262 1593 1361 quaternos
1623 1247 1689 1332 vel
1710 1245 1863 1362 quinos

583 1357 712 1446 flores
742 1357 972 1472 explicant,
1000 1358 1073 1479 qui
1102 1383 1198 1442 eum
1228 1359 1356 1444 unico
1386 1353 1576 1440 constent
1599 1356 1772 1469 petalo,
1808 1357 1866 1443 acl

585 1467 845 1558 infundibuli
871 1467 1044 1586 figuram
1072 1464 1303 1583 plicantur,
1332 1469 1444 1555 aurei
1473 1466 1639 1565 colore,
1670 1474 1725 1556 ita
1747 1474 1868 1586 vagia

584 1615 638 1670 na
659 1585 707 1669 δε
734 1583 832 1668 tuba
861 1583 1002 1668 aurei:
1033 1586 1122 1666 Ora
1144 1576 1476 1706 quinquefariam
1496 1580 1707 1681 secantur,
1738 1587 1786 1674 ὃ(
1806 1585 1861 1671 se.

582 1693 758 1809 minibus
787 1704 1047 1810 junguntur,
1074 1693 1248 1814 squamis
1281 1729 1304 1782 a
1333 1691 1520 1780 thalamo.
1545 1693 1650 1807 ortis
1688 1695 1836 1785 suffulti
1851 1765 1865 1785 .

581 1808 746 1898 Semina
790 1828 925 1894 autem
972 1804 1227 1926 longiuscula
1269 1812 1377 1898 inter
1414 1805 1643 1896 imbricatas
1686 1807 1862 1900 thalami

580 1920 762 2041 squamas
790 1918 1050 2007 nidulantur.

636 2035 797 2122 Eodem
825 2030 909 2120 scre
938 2056 1126 2148 tempore
1155 2035 1244 2126 haec
1281 2061 1459 2156 quoque
1497 2032 1623 2124 altera
1660 2030 1788 2121 slores
1817 2063 1860 2119 e-

579 2146 729 2243 mittit,
758 2155 872 2258 cujus
903 2155 1249 2244 commemoratio
1277 2152 1390 2265 apud
1427 2146 1607 2238 eundem
1643 2149 1859 2238 auctorem

579 2256 669 2344 hacc
697 2259 913 2346 traditura¹

631 2371 681 2483 ll·
708 2390 934 2462 comitarer
962 2381 1143 2498 Africana
1180 2443 1192 2482 ,
1222 2381 1338 2503 foliis
1356 2381 1506 2494 glaucis
1532 2389 1575 2464 in
1602 2383 1858 2486 extremitrtq

690 2492 839 2593 trifidis
863 2504 970 2574 Hert.
997 2497 1107 2602 Amll.
1860 2525 1864 2534 ·

593 2683 597 2694 .
632 2594 704 2683 Ele
736 2599 964 2692 'antiosibus
994 2630 1257 2694 ornaturcor
1285 2599 1856 2723 mbismajoribusque‚capi‹'

576 2707 663 2798 tula
690 2625 864 2828 globosa
903 2715 1065 2831 ampla,
1099 2633 1352 2838 squamisque
1381 2711 1594 2836 inequalia
1662 2711 1864 2799 roduclt.'

575 2821 714 2949 Flores
744 2825 887 2914 eadem
914 2829 1047 2948 figura
1084 2833 1351 2964 partibusque
1390 2829 1574 2918 instructi
1615 2743 1746 2923 lllnts
1782 2821 1849 2909 sed

574 2933 764 3050 plurimi.
791 2942 953 3034 Semina
967 2970 1104 3032 autem
1118 2948 1299 3036 breviori¹
1323 2945 1581 3032 brastearum
1602 2935 1756 3028 annulo
1777 2961 1863 3046 con·

574 3071 723 3133 ronata
750 3049 971 3142 imbricata
999 3057 1165 3144 thalami
1193 3057 1218 3139 s
1239 3084 1368 3143 uamae
1396 3059 1628 3169 excipiunt.

629 3161 774 3246 ffertia
804 3191 937 3279 porro
964 3196 1055 3256 non
1084 3197 1231 3292 corym
1264 3197 1387 3258 orum
1412 3167 1543 3364 specie
1572 3164 1641 3252 tali
1679 3161 1857 3248 nomine

578 3267 841 3374 decoratur,
879 3279 945 3368 sed
976 3305 1065 3370 tum
1091 3284 1278 3398 partibus
1306 3304 1392 3366 tum
1476 3308 1586 3366 ura.
1623 3274 1857 3391 'Adjecerat

570 3383 892 3479 ,Toumesortius
921 3397 1143 3509 Abstnrhiis‚
1174 3397 1422 3512 dixeratque
1453 3393 1683 3505 Abstnshium
1710 3417 1855 3500 corym«.

571 3495 772 3611 bfferum,
802 3539 963 3594 annuum
991 3515 1072 3625 InJl.
1102 3516 1150 3600 R.
1178 3509 1294 3597 Herb.
1321 3504 1416 3616 458.
1456 3506 1616 3593 Verum
1644 3502 1848 3614 Abfinthir's

568 3632 774 3733 perquam
802 3618 1025 3708 dissimilem
1053 3625 1247 3713 invenio.
1276 3619 1322 3701 Id
1351 3645 1453 3704 vero
1477 3645 1566 3731 quo
1587 3615 1745 3734 planius
1766 3638 1850 3708 no<¹

569 3720 730 3824 scacos,
753 3733 932 3842 partium
960 3733 1277 3850 descriptionem
1304 3725 1587 3818 subnectemus
1613 3793 1625 3828 ,
1667 3751 1849 3843 quarum

569 3857 761 3932 naturam
780 3845 1105 3961 contemplando
1125 3850 1168 3933 in
1186 3846 1295 3932 hanc
1325 3839 1565 3932 sententiam
1593 3837 1757 3930 adducti
1784 3833 1851 3944 suff

565 4177 570 4182 Ι
623 4065 672 4146 In
700 4065 903 4159 cauliculo
923 4071 1079 4162 summo
1109 4069 1346 4196 plerunque
1380 4069 1596 4161 individuo
1616 4068 1737 4156 dense
1757 4063 1847 4152 llo:

565 4196 650 4272 ret,
679 4183 867 4298 capitulis
896 4187 940 4271 in
962 4189 1113 4278 orbem
1133 4182 1453 4303 circumpositis.
1481 4188 1579 4276 Hac
1602 4178 1741 4300 calyce
1763 4177 1844 4266 oba.

562 4279 724 4418 limgo,
751 4296 798 4405 ὅ(
824 4299 997 4424 squamis
1025 4299 1219 4422 inaequali
1244 4302 1490 4426 cinguntur·
1516 4302 1682 4416 Excutit
1699 4293 1752 4418 de
1772 4319 1843 4412 ω]

1672 4427 1789 4532 Plus:
