4088 5412
644 209 732 292 29'0
863 164 1564 283 DISSERTA-rro

575 298 753 424 squamis,
775 293 1014 410 ¹pinguntur
1042 354 1053 373 .
1091 291 1289 396 Quorum
1313 287 1441 386 flores
1467 286 1514 374 in
1540 289 1866 404 cirmrsfmffl

573 411 704 536 positi
775 404 991 528 eximique
1018 400 1193 520 squamis
1219 395 1517 490 semifloscuiofi
1544 399 1679 509 sunt,
1720 414 1866 527 petalo

577 529 694 624 tenui
780 551 811 608 o
837 515 1039 606 efformati
1074 571 1087 615 ,
1116 545 1164 606 ac
1191 513 1387 613 tubello,
1415 512 1540 632 quod
1569 516 1868 620 altero-extre.

568 669 651 734 ,mo
681 639 857 755 plicatur
881 629 1132 745 amphorem
1154 629 1297 722 tubam
1319 626 1487 716 bifidam
1510 627 1786 756 luteamque,
1816 640 1875 735 ai,

577 778 674 842 tero
702 753 749 840 in
776 743 974 873 lingulam
1032 740 1252 834 roducitur
1285 807 1296 830 .
1325 745 1491 832 Horum
1518 743 1769 870 embryones
1801 757 1870 845 ab.

577 886 680 954 eunt
707 866 752 950 in
778 857 957 958 totidem
1000 856 1135 943 emina
1161 855 1244 946 stne
1273 856 1422 972 pappis
1450 879 1521 944 aut
1545 857 1723 978 squamis
1752 927 1766 966 ,
1792 897 1869 960 nu.

576 979 637 1064 do
668 970 912 1074 inherentia
941 967 1124 1056 thalamo
1149 1033 1161 1054 .
1187 966 1269 1056 Alii
1297 996 1401 1058 vero
1422 971 1546 1058 flores
1578 976 1656 1102 qui
1677 973 1866 1092 plurimi,

576 1085 733 1178 discum
760 1104 1055 1200 componunt,
1081 1079 1280 1170 flosculosr
1310 1084 1482 1198 proprie
1510 1083 1646 1188 dien,
1671 1087 1866 1180 constant

611 1199 723 1286 etalo
744 1262 755 1298 ,
785 1195 916 1294 tuba,
945 1195 1158 1314 &vagina
1180 1259 1190 1278 .
1217 1195 1407 1286 Petalum
1426 1197 1601 1284 rubrum
1621 1198 1699 1300 est,
1727 1199 1780 1286 ad
1801 1205 1861 1295 in,

574 1228 782 1402 imdibuli
800 1305 978 1396 formam
998 1303 1221 1420 plicatum,
1241 1309 1284 1394 in
1306 1337 1381 1395 ora
1401 1305 1590 1508 suprema
1611 1311 1653 1395 in
1674 1315 1860 1432 quinque

579 1448 718 1544 partes
747 1421 1045 1522 distributum,·
1075 1417 1174 1506 tuba
1198 1419 1393 1536 pallidula
1414 1447 1437 1504 e
1493 1483 1506 1520 ,
1537 1422 1737 1536 bipartito
1759 1421 1862 1514 festi-

505 1549 508 1555 '
580 1542 694 1658 giata
715 1571 729 1636 ‚·
756 1537 906 1656 vagina
926 1532 1066 1620 lutea.
1099 1535 1265 1625 Horum
1287 1559 1464 1656 quoque
1484 1533 1734 1658 embryones
1754 1537 1868 1626 semi-

584 1680 639 1739 na
667 1649 800 1744 fiunt,
829 1643 967 1762 qualia
996 1645 1040 1730 in
1064 1646 1406 1738 semifloscuiosts.

638 1765 800 1854 Nunc,
831 1757 1088 1858 Auditores,
1116 1757 1169 1844 ad
1197 1759 1309 1852 illum
1330 1755 1471 1846 locum
1486 1761 1791 1876 pervenimus,
1823 1763 1869 1850 in

586 1899 678 1994 quo
717 1867 973 1958 collocatum
1001 1872 1167 1959 cernitis
1208 1873 1435 1986 Absmths'um
1460 1901 1489 1966 a
1515 1873 1636 1960 nobis
1665 1875 1872 1970 Abrotms

584 1985 861 2090 conjunctum
890 2045 902 2080 ‚
944 1987 1146 2102 quoniam
1171 1985 1330 2076 nullum
1365 1982 1581 2074 discrimen
1610 1988 1872 2072 intercedere

584 2095 769 2188 videmus
800 2098 909 2180 inter
926 2093 1015 2182 hoc
1040 2095 1088 2182 &
1109 2095 1297 2184 Abrotana
1318 2164 1328 2182 .
1355 2095 1518 2186 Eodem
1537 2096 1684 2184 ordine
1704 2095 1869 2186 nascun-

580 2229 653 2296 tur
680 2205 882 2322 capitula,
911 2203 1466 2310 alisfoliornm,.ins1dentia,
1496 2210 1666 2326 squamis
1688 2210 1869 2330 inequa-

585 2319 690 2408 libus
719 2349 768 2416 ac
795 2317 1044 2422 imbricatim
1070 2317 1235 2444 digestis
1264 2319 1418 2437 quibus
1436 2328 1561 2414 flores
1582 2321 1869 2422 continentur,

588 2433 746 2528 cincta,
768 2431 894 2519 Primi
914 2455 1144 2520 occurrunt
1164 2433 1437 2529 eumdem,
1458 2433 1601 2546 petalo
1619 2435 1747 2518 unico
1768 2447 1872 2519 con·

585 2543 763 2641 stantes,
792 2540 1030 2657 lingulam,
1058 2542 1160 2652 tuba
1195 2575 1259 2638 ue·
1274 2543 1392 2634 bifida
1418 2605 1428 2622 .
1453 2541 1711 2656 Digeruntur
1729 2544 1771 2626 in
1793 2568 1875 2628 co.

585 2682 779 2753 ronam,
822 2651 1079 2770 infidentque
1118 2687 1188 2744 em
1218 2658 1312 2772 poni
1348 2648 1424 2768 qui
1460 2647 1595 2736 semen
1633 2649 1794 2740 nudum
1823 2654 1873 2744 &

589 2770 793 2894 eniguutn
819 2769 971 2865 evadit,
1000 2769 1119 2864 nudo
1129 2762 1345 2962 exceptum
1364 2757 1550 2850 thalamo
1573 2829 1582 2894 t
1608 2763 1771 2853 Deinde
1792 2767 1870 2882 qui

591 2880 749 2980 discum
777 2873 995 2976 efformant
1022 2878 1220 2982 ,flosculo
1239 2907 1255 2962 ι
1283 2901 1460 2992 proprie,
1483 2874 1586 2967 drth
1603 2920 1632 2973 ‚·=
1647 2901 1725 2990 per,
1747 2903 1869 2966 oram

583 2997 629 3086 in
656 2995 847 3112 quinque
876 2995 1009 3108 partes
1035 2986 1292 3114 masserio,
1323 2986 1683 3114 luteaquevagina
1709 2991 1870 3082 ornati.

584 3112 689 3195 Sunt·
714 3128 866 3193 :autem
891 3108 938 3196 hi
960 3107 1086 3190 flores
1103 3094 1368 3190 nfrueuofi
1394 3127 1412 3204 3
1452 3097 1554 3187 rdeo
1580 3099 1681 3188 tuba
1709 3103 1758 3192 ὅ(
1787 3131 1873 3190 em-

583 3213 637 3319 bt
664 3212 1082 3332 onibus'priranmr'.
1163 3294 1200 3306 ..
1326 3227 1357 3274 ·'
1486 3260 1518 3272 ··
1588 3253 1593 3264 ²

611 3245 735 3435 ilec
800 3355 900 3422 orto
929 3326 1113 3425 omnia,
1149 3323 1257 3416 Auri·
1300 3321 1510 3442 numquid
1545 3322 1629 3418 aiio
1666 3321 1801 3412 modo
1829 3322 1872 3415 se

585 3439 741 3528 habere
769 3470 814 3527 sn
843 3442 1047 3532 Abrrtam's.
1067 3433 1248 3530 vidimus
1268 3452 1282 3530 3
1312 3444 1584 3558 Quapropter
1606 3465 1701 3526 cum
1722 3436 1776 3526 ab
1795 3441 1870 3524 Ab·

597 3553 728 3642 mtbr‘is
756 3553 939 3644 thalamo
959 3551 1078 3638 nudo
1099 3546 1293 3650 differat,
1322 3581 1346 3636 a
1365 3551 1538 3668 Seriphio
1556 3548 1727 3641 floribus
1748 3547 1864 3637 semi-
2036 3639 2037 3644 Ν

583 3665 826 3772 flosculosss,
844 3659 1021 3782 ,quibus
1039 3666 1255 3780 Seriphius}
1336 3665 1523 3762 ivrmm,
1551 3662 1604 3750 ad
1631 3663 1863 3752 abrotanum

584 3775 903 3879 revocavimus,
931 3774 999 3868 cui
1029 3774 1215 3890 capitulis
1232 3837 1262 3872 ,.
1291 3777 1449 3895 quomis
1472 3837 1485 3874 ,
1511 3774 1680 3868 floribus
1706 3837 1719 3874 ,
1747 3772 1863 3866 semi·
2035 3805 2036 3842 i

583 3917 669 3996 ne,
698 3891 746 3978 δι
771 3881 956 4010 malano
986 3887 1184 4005 petfimile
1213 3891 1440 3984 invenimus
1462 3916 1487 3976 ·.
1511 3895 1660 4010 Itaque
1693 3889 1774 3980 hac
1799 3917 1865 3976 ra<
1969 3900 1973 3908 ’

584 4006 700 4094 tione
729 3993 846 4084 finire
872 3995 998 4089 liceat
1021 4019 1048 4087 e·

637 4116 682 4224 y
682 4113 745 4196 111.
773 4109 1001 4200 Abrotanum
1014 4119 1199 4203 ’incanum
1225 4179 1237 4215 ,
1267 4117 1377 4204 molle
1411 4181 1423 4219 ,
1453 4129 1655 4208 Ponticum
1688 4186 1698 4207 .
1738 4115 1863 4226 Abstu-

608 4279 611 4288 2
664 4217 820 4360 elilim
844 4235 1099 4345 Pwrr'cunas:
1121 4231 1398 4352 temfih'm,
1434 4245 1608 4357 incanum
1648 4231 1696 4342 C.
1714 4235 1763 4318 Β.
1779 4237 1865 4422 giu.

696 4381 699 4390 “
727 4391 733 4420 s
993 4412 999 4425 .
1720 4367 1771 4459 ι13
1808 4401 1818 4426 0

563 391 572 415 e
