4126 5420
437 365 439 370 k
560 257 575 272 '
612 242 1069 350 SE'P'T‘I'MA.
1125 273 1151 286 ”
1334 297 1424 394 139

217 423 224 439 ,
260 367 349 458 Hic
369 366 382 466 ᾖ
406 364 482 488 qui
512 392 544 452 a·
562 365 769 458 Botanicis
793 381 1040 467 enuntiatur
1390 437 1395 446 ·
1481 467 1484 474 ,

210 524 217 542 ·
263 487 296 570 1.
324 487 508 597 Petasstcs
528 491 648 598 major
670 484 923 601 &vulgaris
952 493 1001 574 C.
1030 495 1070 575 B.
1098 523 1186 608 197.
1208 496 1258 586 &
1288 505 1489 600 Tournefi

322 598 403 707 lnst.
426 600 476 683 R.
504 595 626 679 Herb.
647 625 744 706 451.
762 603 939 711 Petafitrs
966 605 1075 691 Dod.
1098 611 1246 728 Pempt.
1264 647 1358 730 597.

216 725 218 732 ’
266 702 566 822 semipedalem
592 708 793 820 producit
820 712 1012 813 caulem,
1038 718 1158 806 nullis
1189 725 1487 824 adbucemiffis

204 809 314 904 foliis
343 855 359 918 ,·
395 819 591 907 emedio
618 818 736 908 caule
762 824 911 912 ramuli
952 833 1263 954 circunquaque
1293 845 1488 936 oriuntur

208 928 262 1014 ad
288 932 487 1020 summurn
515 960 569 1018 eo
598 931 747 1019 ordine
775 961 1024 1065 pergentes.
1054 947 1108 1028 Hi
1137 952 1318 1062 capitula
1345 957 1486 1088 profe-

204 1067 333 1142 runt,
362 1069 492 1158 parva
520 1041 646 1158 bne,
677 1045 724 1132 &
749 1066 921 1149 teretia,
950 1053 1173 1168 equalibus
1199 1061 1372 1180 squamis
1400 1074 1486 1156 cin.

202 1158 274 1247 sta
292 1221 310 1256 ,
335 1159 382 1242 in
409 1183 486 1241 ora
508 1155 736 1244 subrubris,
765 1160 840 1244 His
865 1165 1156 1280 comprehensi
1183 1163 1310 1260 flores
1333 1209 1489 1266 mono-

206 1267 330 1383 petali
368 1263 621 1368 ,flosculosr
656 1271 830 1383 proprie
866 1275 1012 1374 diui,
1050 1276 1486 1391 infundibulisonnes,

202 1377 581 1497 purpurascentes,
612 1439 614 1444 ,
652 1409 804 1470 uorum
839 1411 888 1468 os
917 1388 962 1469 in
985 1390 1092 1515 quin
1127 1421 1179 1480 ue
1217 1425 1353 1512 partes
1377 1401 1487 1492 seca.

204 1517 274 1582 tur
305 1552 318 1591 ,
346 1493 497 1609 vagina
526 1491 573 1578 &
599 1405 810 1618 filamento
827 1494 1065 1622 instrutio.
1142 1507 1365 1628 rnbryones
1389 1520 1487 1634 qui-

201 1604 279 1696 bus
299 1601 429 1692 flores
445 1605 700 1699 innituntur,
720 1629 763 1686 in
783 1602 1131 1720 senunacrescunt
1150 1617 1359 1742 oblonga,
1383 1654 1485 1744 pap.

201 1747 265 1838 po
293 1715 468 1805 candide
492 1775 507 1813 ,
531 1713 795 1804 &thalamo
820 1719 940 1806 nudo
970 1721 1098 1844 usque
1122 1730 1179 1816 nd
1201 1739 1486 1836 maturitatem

200 1826 547 2056 coffiblllgiiur
573 1943 620 2027 in
646 1965 738 2028 uno
766 1947 1038 2060 contemplati
1065 1949 1197 2044 sumus
1225 2019 1237 2052 ‚
1275 1957 1322 2045 id
1350 1961 1402 2048 'de
1427 1915 1483 2049 nl·

198 2079 295 2142 tero
328 2077 512 2170 quoque
543 2051 914 2146 demonstremus.
959 2066 1100 2152 Vocat
1127 2067 1246 2184 casp.
1270 2071 1479 2164 Baubinus

198 2165 314 2252 huuc
335 2187 436 2274 597.
465 2167 647 2277 Petastten
673 2177 857 2253 minorem
881 2180 975 2258 Pin.
1000 2206 1091 2291 197.
1110 2185 1333 2297 expressius
1355 2192 1481 2298 Juan-

199 2301 273 2365 nes
301 2283 388 2389 ejus
420 2269 550 2362 freter
571 2276 819 2396 significavit
841 2288 1015 2374 nomine
1033 2316 1051 2376 ‚·
1330 2329 1333 2340 ·

207 2405 214 2454 ·'
254 2391 310 2472 ll:
333 2388 511 2498 Petasttes
527 2391 663 2489 nllus,
684 2395 863 2506 ‚anguloso
871 2401 975 2508 folio
997 2432 1033 2512 3.
1052 2403 1154 2510 561.
1251 2435 1254 2442 ·

197 2539 222 2567 ι
248 2499 450 2588 Proveuit
470 2498 520 2582 in
545 2499 744 2592 montosis
769 2505 995 2613 ·vallibus,'
1011 2513 1248 2607 decliviora
1264 2520 1478 2626 incolens.

191 2610 241 2700 δε
269 2635 434 2725 opaca„
455 2637 556 2728 quae
614 2615 728 2702 elidis
756 2617 941 2712 fontibus
969 2627 1192 2745 rigantur,
1222 2655 1293 2720 aut
1320 2637 1477 2725 assiduo

191 2723 401 2839 squatum
436 2643 647 2812 struicisio
677 2789 689 2812 .
727 2732 871 2818 Primo
901 2765 1008 2823 ‘vere
1036 2801 1048 2838 ‚
1079 2741 1161 2830 uix
1183 2739 1317 2837 soluta
1339 2751 1440 2842 niue
1460 2811 1479 2850 ,

194 2834 360 2924 taulern
388 2831 513 2921 cdere
540 2834 731 2936 festinat,
756 2837 868 2930 ,foliis
897 2850 1032 2938 adhuc
1060 2851 1300 2944 latentibus.

199 2967 207 3013 ³
253 2955 320 3036 De
345 2944 508 3034 summo
529 2946 653 3038 reule
679 2955 896 3045 ramusculi
925 2963 1220 3077 egrediuntur,
1243 2973 1370 3060 decise
1402 2999 1478 3088 pop·

193 3058 279 3160 siti,
307 3061 382 3176 qui
406 3053 571 3150 florum
595 3064 777 3191 capitula
803 3065 943 3161 serunt
963 3085 1278 3198 majoraquarn
1299 3088 1342 3172 in
1365 3084 1406 3173 su
1439 3097 1478 3172 e'-

195 3177 312 3261 tiore
345 3206 364 3272 ;
402 3171 492 3258 hee
532 3172 706 3291 squamis
741 3179 986 3302 oblongis,
1026 3193 1281 3310 equalibus,
1303 3113 1477 3314 sunpllci

191 3289 345 3376 ordine
372 3284 535 3414 digestis
564 3287 809 3406 cinguntur,
839 3299 988 3417 quibus
1003 3297 1138 3390 flores
1159 3309 1370 3396 indiscunr
1390 3305 1496 3394 coi·

195 3399 295 3488 seen
314 3460 329 3498 ,
351 3401 612 3514 monopetali
640 3401 752 3492 sunt.
781 3411 947 3497 Horum
973 3436 1114 3504 autern
1132 3418 1315 3529 petalum
1342 3421 1391 3503 in
1412 3443 1476 3508 tu·-

196 3513 308 3608 burn
335 3511 513 3626 plicatur
544 3509 856 3608 ,infundibulum
883 3524 1044 3609 inritans
1076 3561 1092 3623 ‚·
1130 3524 1257 3614 altera
1285 3532 1475 3644 partein

193 3629 388 3748 quinque
416 3646 552 3740 partes
577 3625 759 3721 solutum
786 3695 801 3731 ,κ
840 3632 969 3720 altera
990 3637 1210 3726 seminibus
1238 3643 1345 3729 inter
1374 3669 1475 3758 pup⁴

195 3769 276 3860 pos
305 3739 579 3837 incumbens,
607 3743 746 3834 albido
774 3744 954 3835 colore.
987 3755 1024 3834 A
1048 3751 1268 3842 seminibus
1297 3777 1476 3846 ortatu·

191 3861 248 3946 ba
285 3879 359 3970 per
387 3850 543 3942 luteam
568 3841 722 3947 tiorum
749 3862 943 3980 raginam
970 3864 1051 3952 sese
1079 3866 1245 3953 extollit
1281 3869 1325 3952 in
1352 3872 1472 3984 apice

191 3967 337 4066 bifida.
362 3968 611 4065 .semina‚ut
633 3972 1015 4095 videtis,oblonga,
1031 3976 1218 4097 gracilia,
1236 3977 1355 4069 nullo
1377 4011 1472 4072 cor·

193 4109 302 4201 porc
329 4080 367 4171 se
399 4102 596 4200 regentur
621 4083 667 4170 in
694 4085 902 4186 thalamo.
1456 4196 1467 4214 „

189 4212 208 4270 t.
244 4198 319 4284 His
378 4225 401 4283 e
429 4221 584 4316 genere
612 4201 824 4400 copnitin
851 4199 1031 4318 sequitur
1051 4202 1267 4302 ¹alterurn,
1295 4225 1343 4290 uc
1371 4209 1471 4335 pau*

187 4339 242 4402 ca
274 4310 327 4404 de
364 4309 541 4426 uetustos
573 4310 770 4406 satutare
803 4309 1078 4412 subnectam.
1120 4319 1265 4436 ¹Redin·
1279 4327 1468 4541 pejoru

234 4459 246 4478 „
1328 4455 1412 4553 qua
