4144 5412
413 225 692 344 LIBER
743 223 1107 324 SEcvnto
1139 155 1268 323 v'Ss
1341 267 1421 356 131

214 349 411 469 pptentia
446 368 604 466 pateat,
625 373 761 467 quam
793 367 841 434 ut
872 348 995 433 certis
1027 343 1183 466 legibus
1218 351 1490 450 circumscribi

218 465 361 578 possit,
386 459 588 550 nonnulla
606 485 766 578 genera
786 485 922 578 neque
941 458 984 544 in
1002 459 1163 576 seipsrs,
1191 489 1329 585 neque
1351 470 1397 552 in
1419 503 1493 558 co.

247 579 358 663 natis
373 577 509 691 apices
523 573 746 690 ¹gignentia
767 569 1021 686 preteriere,
1048 572 1261 674 ditavero,
1293 607 1389 668 cum
1400 607 1490 668 non

210 601 353 778 ierant
373 687 548 774 omnino
569 677 715 784 ,serre
738 681 898 797 opinati
929 681 1055 782 sum,
1082 710 1128 774 nt
1155 697 1288 778 sicum
1318 695 1489 803 demessi.

217 833 317 888 erm.
344 801 529 895 Deinde,
544 792 786 883 cumadbuc
805 793 849 880 in
866 824 923 882 eo
944 795 1177 912 quaestionis
1198 797 1376 890 statores
1398 833 1489 894 ver.

216 911 390 1010 sarum,
418 937 467 1000 ut
485 905 637 996 scilicet
658 933 741 1035 qua
764 908 951 1004 tasone,
978 908 1025 996 dc
1047 913 1487 1106 ‹puibusviisquaenon

211 1021 449 1120 haberent,
477 1048 501 1111 a
523 1043 711 1138 cognatrs
740 1019 1006 1133 acciperent,
1032 1051 1055 1107 e
1084 1019 1128 1108 'et
1158 1021 1486 1136 explanandum,

216 1153 316 1223 curn
345 1131 456 1226 nulla
486 1129 563 1219 alia
593 1133 717 1218 tatio
735 1131 807 1245 sup
840 1154 1001 1230 eteret,
1031 1135 1326 1223 adventorum
1348 1139 1487 1248 provi-

218 1241 403 1336 dentiam
422 1237 606 1334 conversr
627 1239 742 1342 sunt,
768 1156 898 1361 iiidue
917 1241 1133 1336 mirificum
1161 1239 1484 1336 foecundationis

215 1384 324 1471 opus
346 1357 623 1446 attribuerunt
647 1417 657 1444 .
684 1361 828 1470 thre
848 1350 1081 1444 secundari
1109 1357 1308 1458 tradunt,
1336 1385 1400 1444 ex.
1419 1385 1485 1474 gn

214 1474 401 1582 Lapulrsm
426 1502 567 1555 marm
586 1472 634 1556 C.
657 1473 699 1552 Β.
731 1479 813 1554 Pin.
832 1465 922 1570 298.
956 1470 1002 1553 t'n
1029 1471 1171 1557 Hosto
1191 1471 1340 1589 “Regio
1372 1469 1484 1564 Pari..

216 1577 328 1664 stenst
350 1579 504 1668 cultum
523 1611 546 1664 a
564 1578 873 1706 Lupulofoemina
893 1583 922 1660 1.
944 1583 986 1664 Β.
1006 1609 1041 1662 2.
1071 1613 1170 1692 151,
1233 1611 1317 1678 uae,
1340 1603 1386 1667 ut
1406 1604 1484 1666 tra.

216 1688 323 1774 didit
354 1684 705 1788 Tournefornus,
733 1693 775 1773 in
804 1685 936 1778 insulis
964 1697 1162 1809 Sequanae
1275 1695 1482 1781 Matronae

212 1795 339 1916 longe
357 1801 607 1890 distantibus·
627 1799 821 1898 nascitur,
850 1815 1072 1892 ventorum
1100 1807 1173 1901 vi,
1208 1804 1282 1920 qui
1314 1803 1481 1920 apicum

211 1907 452 2023 corpuscula
473 1939 497 1998 a
515 1909 643 2000 sterili
664 1911 734 1999 srbi
756 1912 902 1998 tradita
924 1911 977 1999 ad
996 1917 1114 1999 maris
1135 1914 1252 2001 tubas
1273 1915 1401 2034 usque
1421 1912 1446 1998 f
1462 1967 1481 1994 .·
1638 1941 1643 1948 ’

208 2044 330 2108 tunt.
358 2021 551 2108 Similiter
571 2037 723 2120 Morus,
752 2029 974 2140 ‘juniperum
994 2031 1170 2140 Populus,
1194 2027 1304 2108 salix
1313 1945 1513 2142 finili}

211 2132 265 2218 ab
285 2131 530 2220 ament'aceis
551 2129 757 2248 speciebus
776 2129 1089 2233 fecundantur,
1118 2135 1373 2222 &maritalia
1385 2164 1478 2224 cor-

210 2242 376 2358 puscula
399 2249 486 2331 acci
523 2247 609 2332 'unt
629 2265 849 2333 ventorum
870 2247 1156 2360 providentia,
1185 2250 1373 2362 quamvis
1395 2275 1479 2332 ma-

209 2379 301 2470 gno
323 2357 480 2445 interva
498 2356 540 2440 lo
561 2354 840 2468 sepenumero
871 2349 1079 2470 seposrtae.
1106 2365 1205 2466 Qua
1268 2359 1406 2446 uidem
1436 2359 1479 2441 in

207 2494 257 2552 re
280 2489 438 2555 tantum
458 2465 591 2562 abest,
619 2483 666 2552 ut
687 2466 730 2552 id
751 2475 866 2578 cujus
894 2469 1027 2586 gratia
1045 2467 1135 2554 haec
1157 2387 1476 2568 eminuerunt,

160 2592 164 2603 '
208 2571 284 2664 smt
303 2579 531 2675 consecuti,
559 2600 605 2664 ut
624 2572 892 2694 questionem
916 2581 963 2664 δι
981 2575 1193 2668 intellebiu
1231 2581 1278 2669 u
1298 2604 1352 2666 ex
1383 2577 1479 2666 lica·

188 2707 258 2792 ,tu
277 2689 482 2776 difficilem
500 2691 777 2774 difficiisbnem
801 2683 1010 2772 effecerint
1033 2746 1042 2770 .
1068 2693 1132 2774 De
1151 2691 1210 2774 hu
1218 2609 1383 2778 'usmodi
1405 2691 1478 2774 ita-

206 2825 297 2994 ,tpue
320 2800 467 2914 plantis
491 2821 669 2916 quarum
687 2799 771 2884 aliae
792 2796 931 2909 apices
950 2791 1109 2894 ferunt,
1136 2797 1181 2884 Sc
1202 2719 1351 2885 sieriles
1374 2795 1479 2897 sunt,-

210 2913 299 2999 aiae
327 2927 433 2998 vero·
460 2905 669 2996 iocunda
698 2907 884 3022 apicibus
912 2910 1045 2994 modo
1078 2909 1319 3009 donantur,
1347 2909 1478 2996 modo

210 3043 390 3120 carent,
417 3019 519 3112 mhi
538 3020 624 3107 hoc
645 3019 746 3106 loco
767 3019 991 3106 dicendum
1017 3013 1077 3104 est
1098 3081 1107 3102 .
1137 3025 1326 3129 Quarum
1345 3021 1479 3136 dispu-

208 3133 375 3222 tationis
406 3134 517 3220 ratio
544 3133 646 3218 mihi
677 3127 810 3249 longe
823 3125 1003 3224 facilior,
1032 3153 1159 3247 quarn
1179 3157 1349 3231 earum,
1374 3157 1479 3251 qua-

209 3275 300 3335 rum
319 3269 506 3334 naturam
525 3241 722 3333 badtenus
744 3238 950 3356 explicare
969 3237 1054 3327 sum
1074 3267 1246 3331 conatus
1260 3303 1280 3346 ,·
1302 3247 1478 3334 videtur.

209 3361 318 3446 Ctnn
336 3363 448 3446 enim
465 3360 518 3445 de
539 3355 613 3442 illis
663 3353 779 3444 lautis
799 3371 1010 3482 ageretur,
1039 3375 1135 3470 quae
1154 3359 1291 3466 apices
1313 3347 1477 3450 ferunt,

207 3465 276 3563 ves
297 3469 432 3558 eidem
452 3465 601 3556 locoa
644 3480 743 3566 ros,
772 3462 1078 3579 cursicemb‘ryo
1089 3461 1281 3582 tobaeque
1293 3461 1479 3562 insident,

207 3606 289 3686 aut
307 3607 435 3712 quam
469 3581 658 3698 proxime
679 3580 928 3668 adhaerentes
948 3635 961 3674 ,
981 3598 1081 3661 mne
1100 3573 1190 3660 sane
1211 3571 1480 3701 quaestionem

208 3694 490 3784 difficillimam
517 3715 644 3808 atque
664 3693 840 3780 maxime
858 3683 1104 3776 laboriosam
1123 3685 1295 3809 aggredi
1317 3683 1402 3774 sum
1420 3711 1480 3776 vr.

209 3809 296 3912 sus-3
327 3807 418 3894 satis
446 3805 557 3894 enim
584 3801 810 3896 verisimilis
835 3797 950 3890 causa
978 3819 1095 3898 crat,
1125 3826 1198 3888 cur
1225 3797 1399 3900 multum
1425 3793 1480 3886 la.

210 3917 325 4010 boris
352 3917 625 4009 sustinendum
652 3915 779 4016 ἀΐει,-
798 3908 1085 4030 industriaque
1116 3911 1338 4042 plurimum
1366 3911 1481 3998 adhi-

209 4029 412 4124 bendum.
439 4035 569 4122 Nunc
586 4057 692 4123 vero
717 4027 888 4149 quando
905 4021 1032 4112 talem
1056 4047 1216 4116 emtum
1237 4047 1291 4112 ex
1311 4021 1387 4109 illis
1407 4025 1481 4108 mi.

207 4143 252 4236 la·
281 4139 497 4259 expedivi,
527 4166 577 4232 ttt
603 4140 777 4261 ipsarum
807 4139 971 4257 apicum
997 4137 1272 4252 corpuscula,
1301 4131 1484 4223 siccum-

98 4355 102 4372 ,
204 4281 320 4372 que,
350 4257 534 4376 pansis
557 4259 607 4346 in
633 4255 724 4376 ipso
752 4251 836 4348 sere
850 4249 971 4344 tube
1000 4247 1202 4375 vestibulo
1229 4243 1485 4338 collocaren-

263 4439 272 4450 ,
536 4383 539 4390 ’
758 4379 764 4382 “
1030 4386 1046 4445 l
1102 4387 1126 4441 2
1349 4377 1429 4456 tuf,
