4120 5414
621 221 712 299 '202
876 195 1493 300 DISSERTATIO

553 357 606 415 ne
630 325 810 415 crebrius
853 321 1070 436 contingat
1091 377 1120 418 ,,
1146 313 1294 414 modus
1313 317 1498 429 'quidam
1532 315 1841 434 adhibobitura

554 439 701 532 uobis,
732 437 777 522 &
807 457 919 520 certa
938 425 1261 514 dicendiratio.
1289 427 1399 510 Nam
1419 429 1600 540 primum
1630 453 1720 522 turn
1749 425 1838 557 quo

554 550 712 638 facilius
724 548 817 633 hoc
847 539 1033 656 praestare
1060 539 1276 653 possumus,
1304 554 1394 626 tutu
1415 540 1541 628 etiam
1558 569 1612 634 ue
1633 545 1843 657 prolixior

556 664 592 749 ri
620 660 806 748 sermone
832 683 908 745 vos
931 654 972 736 in
997 655 1129 737 horto
1150 649 1428 746 detineamus,
1458 673 1593 739 totam
1611 655 1721 746 hanc
1747 659 1841 748 clas.

556 775 636 860 sem
669 771 796 859 tribus
831 759 1181 852 dissertationibus·
1216 755 1549 875 pertrathandam
1588 771 1837 878 judicamus.

557 885 640 970 Sed
680 908 771 970 ante
813 881 969 964 omnia·
988 903 1078 961 eam
1117 875 1180 957 ita
1203 875 1245 957 iu
1272 869 1376 961 duas
1404 898 1544 986 partes
1573 879 1837 982 ordinamus,

557 1019 605 1083 ut
617 1024 700 1080 una
722 1019 902 1110 genera,
931 987 1086 1106 quaede
1110 980 1308 1106 media&
1336 982 1546 1099 superiore
1574 992 1684 1075 floris
1714 1019 1835 1104 parte

550 1107 691 1191 -seinen
721 1102 993 1218 producuut3
1024 1095 1150 1184 altera
1182 1126 1231 1185 ta
1259 1121 1445 1212 quorum
1472 1097 1683 1190 seminibus
1710 1109 1835 1197 florei

556 1215 839 1312 innascuntur,
869 1208 1122 1326 complectar
1132 1247 1148 1309 ·,·
1177 1235 1304 1326 quam
1320 1209 1452 1296 rursus
1473 1209 1735 1302 multifariam
1751 1216 1834 1303 tra:

552 1329 780 1424 stabimus,
809 1325 876 1412 illa
907 1324 1145 1438 (quoniam
1164 1317 1319 1406 nullam
1354 1319 1459 1408 subit
1514 1319 1782 1416 differentiam
1814 1335 1835 1438 1

557 1443 616 1526 ita
644 1438 816 1526 relisita.
853 1439 925 1523 His
966 1459 1098 1548 porro
1136 1435 1177 1517 iu
1217 1431 1461 1524 universum.
1486 1437 1542 1522 ita
1573 1437 1836 1542 constitutis,

557 1551 825 1638 indicandum
862 1545 987 1633 restat
1019 1575 1116 1662 quae
1154 1544 1240 1632 hoc
1269 1567 1462 1658 ternpore
1487 1547 1740 1636 ostendenda
1767 1551 1839 1637 de.

558 1661 749 1750 stinamus
784 1729 794 1746 .
831 1671 868 1748 A
909 1662 1040 1772 prima
1077 1659 1221 1775 itaque
1249 1655 1445 1744 divifione
1471 1659 1734 1758 exorditur,
1781 1664 1839 1766 do

555 1777 723 1886 Μικίψα
761 1773 887 1864 verba
914 1768 1092 1868 faciam,
1137 1779 1251 1884 cujus
1280 1773 1440 1886 generis
1469 1773 1631 1855 ratione
1662 1771 1835 1864 abundc'

617 1887 754 1983 rasta,
783 1883 916 1972 statim
944 1881 998 1969 ad
1027 1881 1198 1971 alteram
1223 1911 1316 2000 quae
1342 1907 1497 1998 genera
1523 1886 1642 1970 llores'
1672 1882 1834 1971 senunia

557 1913 635 2083 llters
665 1994 876 2112 imposrtos
905 1993 1076 2081 ferentia
1088 1993 1422 2106 comprehcndit,
1440 1997 1626 2084 veniam.
1651 1998 1836 2092 Primum

559 2133 698 2195 autem
726 2115 780 2198 de
814 2107 893 2195 illis
912 2109 1129 2226 generibus
1159 2104 1372 2204 dill'eram,
1402 2135 1587 2222 quorum
1612 2107 1761 2196 semim
1787 2111 1838 2197 ot

559 2219 726 2306 thalami
757 2248 940 2338 pappum
962 2220 1221 2335 producunt.
1248 2225 1351 2307 Sunt
1371 2219 1463 2308 haec
1484 2240 1644 2332 cyanus,
1672 2222 1719 2306 δι
1744 2242 1840 2330 Cena

559 2343 754 2436 taurium3
783 2333 933 2417 deinde
960 2332 1013 2417 de
1043 2328 1134 2428 illis,
1161 2357 1344 2452 quorum
1371 2329 1521 2415 semina
1548 2335 1657 2420 nuda
1685 2333 1838 2422 villoso

561 2441 745 2528 thalamo
774 2446 1033 2557 excipiuntur
1059 2503 1072 2537 ,
1111 2439 1247 2563 qualia
1283 2443 1473 2530 novimus
1503 2441 1577 2527 ess‘e
1605 2449 1839 2554 cyanum,

563 2555 612 2637 δι
653 2555 919 2665 arsinthium
960 2553 1173 2666 postremo
1212 2581 1306 2671 quat
1332 2553 1498 2642 vicissrm
1521 2551 1659 2640 semen
1689 2581 1838 2668 pappo

562 2663 802 2753 instruiium
824 2669 1009 2784 gignunt
1028 2674 1070 2752 in
1093 2666 1208 2753 nudo
1230 2665 1435 2764 thalamo,
1460 2663 1693 2754 subactum
1703 2703 1718 2765 ς
1746 2693 1840 2785 quo

570 2779 761 2896 quidem¹
788 2781 832 2862 in
860 2781 960 2863 loco
990 2777 1042 2865 de
1071 2781 1219 2894 Astera,
1259 2780 1312 2864 de
1344 2795 1411 2868 Vir
1436 2812 1611 2876 taurea,
1647 2782 1841 2885 {laculata

565 2897 806 3004 Tuffllagine,
837 2891 885 2976 &
909 2902 1088 2978 Duroniae
1110 2891 1338 2984 sermonem
1356 2815 1617 2981 halebrnus.
1644 2898 1738 2978 Hoc
1752 2892 1838 2986 esta

565 3004 789 3087 auditores
819 3003 1018 3116 Optimi,
1054 3002 1254 3114 praesentis
1295 3003 1614 3099 diss'ertau'our's,
1648 3001 1842 3116 proposra

565 3134 693 3212 tum,
730 3114 839 3199 ordo
867 3177 880 3211 ,
919 3115 1065 3199 summa
1087 3176 1099 3192 .
1125 3115 1222 3224 Ego
1248 3110 1336 3194 haec
1367 3113 1557 3221 protinus
1586 3117 1843 3230 aggredior}

563 3250 641 3312 vos
671 3229 829 3312 interea
855 3223 992 3314 vestris
1020 3219 1154 3306 studiis
1184 3217 1359 3316 adeste,
1398 3223 1648 3339 paratosque
1679 3224 1842 3310 animos

567 3338 749 3448 praestate
762 3374 778 3436 ,-
805 3338 1019 3454 egoenim,
1049 3325 1282 3420 faventibus
1304 3329 1450 3430 vobis,
1478 3335 1577 3420 totis
1599 3333 1752 3420 viribus
1781 3338 1845 3418 ina

481 3553 487 3564 ²
564 3454 691 3548 nitar,
720 3473 766 3537 ut
794 3445 1004 3564 propohta
1027 3447 1189 3564 ‘genera
1220 3475 1346 3568 quam
1370 3447 1610 3559 paucissimis
1638 3443 1729 3532 fieri
1750 3469 1848 3560 pot-

566 3561 644 3661 est,
673 3589 933 3677 percurram.

622 3783 704 3868 „Ed
733 3782 968 3899 priusquam
998 3813 1047 3868 ea
1075 3771 1317 3900 ingrediar,
1348 3811 1443 3902 quae
1470 3780 1673 3897 propositi
1704 3782 1847 3896 operis

670 3923 815 3982 munus
843 3898 1049 4014 requirit,
1077 3921 1166 3979 non
1196 3891 1373 4002 alienum
1401 3919 1509 4011 puto
1540 3893 1668 3983 veluti
1704 3892 1850 3980 funda.-

459 4061 461 4065 -
565 4028 754 4093 mentum
795 4015 929 4120 iacere
960 4031 1046 4094 tum
1076 4005 1259 4121 praesenti
1289 4031 1377 4100 tum
1405 4007 1583 4094 crastina
1615 4009 1661 4094 &
1704 4032 1850 4118 pereto

568 4121 676 4204 tlinae
704 4117 993 4234 disputationi,
1025 4141 1071 4207 ut
1099 4142 1195 4204 ante
1226 4127 1368 4211 omnia
1395 4123 1602 4238 cognita,
1630 4119 1674 4206 δέ
1702 4115 1849 4228 explo-

562 4252 662 4318 -tata
700 4231 885 4334 habeatis
908 4235 1028 4322 floris
1056 4233 1299 4350 conglobati
1328 4239 1372 4322 iu
1396 4235 1560 4322 radiata.
1580 4225 1852 4425 capitalastdo

1690 4367 1742 4461 ge
1779 4365 1796 4422 t
