4088 5412
623 222 712 339 2'9‘2
844 209 1608 334 orsisTATlo‘

607 359 637 437 I.
669 343 905 455 Artemistam
931 347 1172 457 vulgarem,
1202 345 1410 453 majorem,
1444 347 1550 428 caure
1572 337 1621 439 ἀ
1635 339 1736 458 flare
1751 343 1852 464 pras}

664 491 761 580 pura
776 455 949 557 'centibus
977 458 1037 542 C.
1065 455 1108 538 B.
1137 460 1220 540 Pin.
1247 481 1262 534 r
1271 479 1336 564 37.
1363 455 1603 570 satenssam
1636 449 1852 578 latifolia&

706 599 736 657 o
768 635 779 654 .
807 579 863 653 Pe
924 595 953 654 r.
1038 630 1047 651 .
1844 641 1848 648 .

610 579 775 802 Ianua
798 595 1067 804 egrb'pdnitin
1094 703 1149 768 ex
1172 671 1376 766 foliorum
1402 677 1474 767 alis
1503 703 1580 811 per
1606 709 1747 776 ramos
1776 699 1851 778 na'

555 796 752 886 scentium
779 793 959 910 capitula
991 817 1153 906 parva,
1180 819 1276 990 <prae
1296 788 1474 916 squamis
1506 797 1775 915 rnaequasr'bus
1798 802 1848 892 &

556 907 805 1008 imbricatim
833 907 1149 1022 circunquaque
1224 898 1359 1020 tgestrs
1389 933 1416 994 c
1522 932 1705 998 onuntur
1730 976 1740 995 .
1769 918 1853 1000 Ex.

557 1019 687 1137 pansis
715 1020 931 1134 capitulis,
961 1018 1175 1132 prodeunt
1199 1017 1358 1104 flores:
1387 1015 1481 1106 sem‘
1512 1017 1678 1111 osculosr
1703 1024 1843 1140 quiin

558 1125 877 1222 circunferentia
905 1152 1155 1242 ponuntur,
1183 1129 1306 1244 primi
1333 1154 1568 1245 apparent,
1596 1136 1669 1249 qui
1700 1130 1840 1248 petalo

560 1248 627 1336 exi
661 1274 718 1334 uo
745 1245 992 1342 donantur,
1021 1241 1167 1330 luteoli
1193 1304 1205 1339 ‚
1230 1239 1331 1330 tuba
1358 1265 1495 1334 autem
1523 1273 1617 1367 qua
1647 1247 1840 1360 bipartito

559 1271 733 1454 desiit,
763 1383 912 1474 magna
942 1355 990 1440 δι
1017 1351 1141 1443 rubra
1163 1419 1171 1436 .
1191 1357 1263 1478 'Ex
1294 1355 1471 1449 litantur
1497 1359 1650 1448 deinde
1673 1361 1840 1464 interio,

558 1499 646 1570 res,
674 1466 872 1557 flosculosr
899 1469 1072 1584 proprie
1099 1465 1222 1564 distr,
1266 1495 1386 1555 orma
1412 1465 1657 1560 infundibuli
1681 1469 1837 1566 donati,

602 1612 649 1671 er
677 1582 719 1668 su
752 1609 908 1669 remum
938 1581 1136 1668 ambitum
1196 1578 1267 1664 uin
1301 1583 1507 1698 nepern'to
1546 1584 1677 1690 stiffi,
1706 1579 1850 1696 petalo

633 1691 703 1783 bist
734 1717 799 1780 ata
829 1691 928 1782 tuba
955 1691 1089 1783 rubeis
1130 1691 1190 1775 ins
1208 1607 1392 1792 rudia
1447 1694 1512 1780 ina
1549 1721 1653 1786 vero
1693 1693 1808 1784 lutea
1836 1707 1850 1776 .’

562 1807 750 1896 Floribus
780 1828 870 1896 tum
895 1793 1210 1894 semissosculosrs
1239 1828 1326 1896 tum
1351 1799 1414 1890 flo
1429 1803 1571 1894 culosrs
1592 1810 1766 1921 proprie
1789 1805 1855 1892 dn

567 1919 644 2010 &is
675 1915 919 2015 tabesasiis,
948 1919 1064 2008 embr
1092 1941 1226 2014 ones,
1264 1915 1413 2036 quibus
1442 1917 1663 2006 insidebant
1688 1911 1851 2010 flores,

568 2031 753 2155 crescunt
781 2031 825 2115 in
853 2030 1000 2121 semina
1027 1947 1248 2148 odionga,
1278 2033 1459 2134 teretia,
1486 2031 1632 2130 nuda,
1658 2054 1749 2159 qua
1776 2027 1853 2116 srbi

566 2169 763 2268 prorume
792 2141 956 2342 posita,
1001 2141 1123 2234 nullis
1160 2161 1231 2232 aut
1255 2146 1408 2263 pappis
1436 2168 1509 2235 aut
1534 2143 1706 2259 squamis
1735 2138 1859 2230 inser·
2024 2195 2025 2200 κ

569 2257 621 2340 tis
652 2282 695 2337 rn
725 2254 798 2345 tha
816 2284 912 2342 amo
939 2277 1228 2350 maturantur.
1531 2349 1535 2360 ,

625 2365 782 2456 Eadem
809 2365 951 2456 omnia
977 2367 1197 2460 nascuntur
1233 2369 1278 2452 r'n
1305 2369 1435 2460 altera
1466 2429 1482 2474 ,
1519 2395 1613 2482 quae
1639 2370 1697 2454 ob
1726 2362 1854 2456 caulis
1918 2377 1920 2380 ’

572 2475 761 2567 colorem
788 2480 1028 2568 discriminis
1053 2481 1189 2592 gratia
1222 2481 1459 2565 nominatur

626 2595 675 2676 Η.
701 2591 896 2702 Artemfia
923 2591 1130 2703 vulgaris,
1156 2596 1298 2708 major,
1324 2591 1431 2676 caule
1454 2621 1507 2676 ex
1528 2593 1660 2676 viridi
1686 2589 1858 2694 albinea-.-¹

682 2707 1098 2792 asthma,
1529 2761 1533 2768 .

627 2815 818 2934 Gignitur
847 2837 1021 2936 utraque
1033 2733 1117 2902 3rsbr'
1152 2839 1239 2914 ue,-
1266 2809 1336 2902 sed
1362 2817 1418 2906 ad
1446 2815 1559 2905 usum
1579 2810 1788 2902 Medicum
1809 2815 1854 2902 in

569 2917 675 3012 locis
705 2931 852 3042 apricis
883 2991 896 3026 ,
922 2929 970 3014 dr
997 2837 1173 3015 arenosis
1201 2929 1398 3044 quaerimr
1425 2993 1439 3031 ,
1464 2927 1627 3044 gustatu
1657 2920 1818 3012 subsalsa
1840 2987 1855 3026 2

571 3035 622 3121 δε
652 3066 742 3157 quo
781 3037 987 3130 vividiore
1026 3033 1172 3124 colore
1213 3061 1418 3158 papyrum
1446 3033 1765 3134 commaculat,
1804 3067 1863 3126 eo

573 3151 721 3236 melior
754 3219 762 3238 .
801 3153 974 3272 Legitur
1003 3177 1098 3240 cum
1124 3143 1298 3238 floribus
1334 3209 1348 3249 ,
1376 3149 1600 3242 occidente
1628 3149 1738 3266 Sirio
1769 3209 1783 3246 ,
1811 3151 1864 3238 da

576 3261 776 3351 exsecata
803 3268 1020 3357 servatur.
1098 3323 1103 3331 -
1272 3325 1276 3344 ,
1515 3339 1519 3350 .

630 3379 855 3490 Aperiendi
895 3383 938 3470 vi
968 3371 1140 3496 predita
1178 3371 1236 3464 est
1263 3374 1312 3466 &
1339 3374 1583 3468 discutiendi
1613 3439 1622 3458 .
1660 3373 1726 3458 Ex
1755 3371 1861 3462 vino

575 3508 679 3602 pota
709 3488 908 3604 capitula,
937 3485 1222 3580 deficientibus
1243 3489 1465 3591 mensibus,
1493 3487 1672 3582 foeminis
1704 3484 1866 3573 succur-

576 3624 674 3690 runt
706 3667 714 3684 .
743 3609 845 3690 Item
871 3604 1021 3718 quibus
1049 3603 1162 3690 circa
1189 3623 1299 3692 artus
1332 3601 1488 3698 mucosr
1515 3601 1625 3701 succi
1659 3599 1731 3716 qui
1761 3599 1861 3721 arti«

582 3714 684 3814 culis
722 3713 976 3804 obliniendis
1006 3711 1259 3815 inserviunt,
1287 3717 1532 3815 densantur,
1561 3712 1671 3808 unde
1692 3711 1868 3798 maximi

577 3823 794 3934 nascuntur
816 3831 1048 3920 eruciatus.
1076 3826 1239 3938 Quibus
1267 3827 1312 3918 in
1339 3829 1494 3922 morbis
1522 3825 1702 3918 decosita
1731 3823 1860 3912 etiam

580 3963 635 4020 ex
661 3968 769 4055 aqua
798 3943 968 4057 pluviali
998 3945 1195 4054 Arremfia
1218 3945 1402 4036 membra
1419 3938 1566 4038 ¹foueri
1594 3936 1766 4030 salutare
1794 3935 1869 4018 ha·-

581 4051 703 4138 betur
731 4110 741 4136 .
786 4063 921 4143 Succo
951 4079 1087 4146 autem
1115 4119 1126 4155 ,
1155 4057 1358 4174 quoniam
1386 4055 1651 4148 affinioribus
1680 4045 1867 4167 partibus

582 4168 883 4281 componitur,
914 4171 990 4286 qui
1008 4169 1194 4278 nimium
1219 4171 1309 4286 opii
1338 4170 1622 4287 sumpserunt,
1650 4163 1870 4286 restituun-¹

584 4293 651 4368 tur
687 4341 696 4366 .
724 4274 961 4396 Nonnullos
987 4310 1168 4405 quoque
1196 4287 1404 4407 uertigine
1421 4286 1583 4406 ,tentari
1610 4275 1780 4476 solitp52
1810 4269 1872 4376 ab

1722 4412 1818 4486 evin,
