4126 5420
664 275 755 367 140
896 233 1595 354 DISSERTATIO

596 395 726 474 natae3
756 363 1073 480 reliquaeautrm
1093 360 1135 443 in
1156 355 1359 473 oblongas
1381 357 1624 444 &ramosas
1650 357 1780 473 spinas
1801 361 1875 454 abi

598 508 701 576 eunt
724 503 860 593 ,tquae
882 475 1002 560 succo
1021 471 1211 584 quodam
1263 466 1438 556 lutinoso
1462 466 1759 560 obliniuntur.
1795 478 1873 562 His'

597 620 775 718 quoque
795 584 976 680 divulsis,
1005 583 1111 666 inter
1131 580 1204 666 lias
1225 495 1421 676 §dilores
1444 610 1493 666 ac
1514 579 1662 667 semina
1680 585 1876 682 multala,

599 735 716 824 nugo
737 713 868 816 jacet.
895 695 1082 778 Tandem
1105 692 1159 776 ad
1181 682 1308 777 liores
1330 691 1540 778 acceditur
1562 755 1572 775 .
1598 694 1808 786 Constant
1829 726 1875 786 u.

599 822 698 906 nico
720 809 860 932 petilo
891 806 945 890 ad
966 801 1209 890 infundibuli
1247 797 1426 889 sormam
1457 799 1673 917 dispositi,·
1713 809 1870 900 abuna

537 981 539 986 -
598 949 739 1048 parte,
797 953 851 1009 ua
870 917 1035 1002 latiores
1057 916 1101 1000 δι
1120 911 1268 1001 sursum
1287 911 1494 1012 feruntur,
1523 918 1872 1033 quinquepartito

596 1043 695 1129 sosii
717 1100 729 1135 ,
766 951 820 1122 :ib
841 1031 966 1118 altera
980 1029 1028 1114 in
1048 1021 1247 1143 gracilem
1266 1027 1409 1114 tubum
1439 1027 1738 1128 condiantur,
1775 1059 1870 1149 quo

599 1179 698 1240 cum
716 1142 931 1232 seminibus
954 1147 1207 1255 junguntur3
1239 1135 1386 1224 colore
1398 1136 1517 1224 lutei.
1545 1143 1711 1226 Interno
1732 1142 1864 1255 parie.

600 1265 633 1350 ti
653 1261 822 1348 stamina
840 1257 884 1337 in
903 1251 1047 1336 tubum
1065 1246 1299 1446 subpullum¹
1314 1276 1505 1337 connexa
1525 1252 1772 1366 affiguntur,
1790 1278 1867 1366 per

599 1401 696 1495 quae
715 1372 766 1454 de
787 1369 942 1456 summo
964 1360 1110 1446 semine
1161 1358 1379 1448 lamentum
1398 1360 1502 1450 subit
1524 1423 1536 1458 ,
1564 1359 1661 1456 lutei
1684 1361 1868 1465 coloris;

488 1495 491 1500 “
599 1485 765 1572 Semina
785 1479 971 1592 oblonga
991 1473 1112 1570 sunt,
1139 1475 1318 1571 teretia,
1358 1475 1493 1586 parvis
1515 1469 1867 1596 subulis-,inequa-

598 1597 676 1698 lia,
704 1593 851 1710 pippis
871 1587 1086 1696 instrusia,
1114 1585 1422 1702 pappisquequi
1443 1581 1623 1672 thalamo
1635 1583 1847 1674 adhaerent
1855 1595 1871 1695 ,'

598 1709 787 1821 separata
809 1768 819 1788 .
855 1703 902 1782 In
922 1696 1088 1810 capituli
1111 1719 1256 1786 centro
1275 1693 1392 1786 multi
1422 1689 1550 1779 flores
1572 1692 1750 1796 adsunt,
1780 1694 1883 1790 breq'

601 1847 700 1924 ves,
729 1839 911 1939 quorum
931 1807 1172 1926 embryones
1196 1838 1220 1894 a
1239 1805 1585 1896 circunstantibus
1614 1809 1733 1902 nimis
1754 1836 1874 1918 eorm

603 1931 745 2046 pressi,
775 1931 944 2040 perraro
966 1923 1240 2010 maturitatem
1262 1919 1439 2010 habent.

659 2041 847 2127 Nascitur
870 2034 1016 2151 sponte
1045 2035 1088 2117 in
1116 2037 1308 2132 Lemno,
1349 2036 1396 2120 δι
1423 2031 1519 2124 alibi
1542 2036 1693 2132 etiam,
1719 2027 1874 2118 nullius
2051 2125 2052 2132 Ν

603 2153 720 2268 apu'd
742 2151 957 2348 indiffnas
979 2140 1192 2235 utilitatis.
1210 2169 1213 2176 ’
1230 2150 1411 2234 Primum
1431 2175 1485 2234 ex
1507 2149 1622 2234 India
1645 2149 1722 2253 (ut
1740 2143 1872 2231 credi·
1984 2207 1990 2218 .

604 2270 702 2373 tur)
734 2265 828 2352 inve
874 2288 920 2348 us
942 2257 1139 2346 Federico
1172 2261 1320 2345 Tertio
1342 2261 1587 2373 Imperatori
1617 2260 1734 2345 dono
1754 2256 1873 2342 datus

603 2374 686 2461 est.
712 2379 770 2459 Ea
785 2376 914 2486 prima
936 2367 1150 2454 nobilitas.
1178 2377 1226 2454 In
1248 2378 1364 2485 cujus
1391 2373 1523 2459 horto
1544 2405 1568 2462 a
1590 2368 1798 2467 Medicis,
1825 2384 1873 2473 ut

604 2485 778 2604 gratiam
798 2482 907 2594 apud
927 2481 1155 2566 Dominum
1173 2482 1346 2580 inirent,
1385 2487 1497 2572 varie
1516 2486 1662 2569 tentari
1683 2483 1874 2592 coeptusg

605 2607 703 2682 cuin
723 2592 1009 2706 experimentis
1047 2588 1312 2705 respondisset
1342 2655 1354 2693 ,
1393 2593 1577 2684 honores
1598 2591 1775 2686 invenit,
1803 2617 1873 2676 cea

604 2703 940 2833 lebritaternque.
980 2707 1124 2814 Quare
1166 2701 1373 2794 cultorum
1414 2702 1623 2796 affluentia
1660 2709 1717 2792 ita
1755 2701 1872 2793 brevi

545 2867 549 2874 ·
606 2817 737 2932 spatio
758 2838 920 2913 crevit,
958 2837 1004 2900 ut
1034 2815 1078 2898 in
1106 2820 1235 2906 varias
1277 2819 1510 2934 provincias
1543 2813 1872 2924 diffimderetur,·

485 3005 487 3012 ,
605 2933 704 3015 Hoc
724 2957 829 3017 vero
858 2951 1049 3053 ternpore
1073 2927 1179 3016 inter
1214 2927 1360 3022 viliora
1388 2929 1632 3045 seponitur5
1662 2925 1874 3045 pristinum

605 3061 746 3150 tamen
764 3038 876 3153 apud
886 3036 1077 3124 Medicus
1097 3041 1306 3126 honorem
1324 3045 1509 3129 retinet.
1591 3097 1593 3102 ·
1859 3125 1862 3130 .

663 3146 815 3239 salibus
845 3144 1078 3240 volatilibus
1100 3149 1304 3238 abundare
1335 3171 1597 3263 compertum
1625 3148 1715 3252 est3
1745 3147 1877 3234 idcir.

604 3268 665 3353 'co
708 3262 761 3349 ad
790 3290 839 3350 ea
876 3260 982 3351 mala
1022 3263 1194 3350 maxime
1233 3257 1444 3359 salutaris,
1490 3289 1584 3379 quae
1621 3258 1877 3350 coeuntibus

607 3375 732 3463 succis
764 3373 1043 3502 contingunt.
1082 3378 1215 3462 Datur
1247 3375 1387 3490 itaque
1420 3373 1642 3458 commode
1672 3399 1730 3458 ex
1761 3399 1785 3456 a
1818 3401 1874 3470 ua

606 3487 804 3575 decos'tus
823 3485 1076 3572 hemicrania
1094 3483 1373 3576 laborantibus
1394 3543 1407 3584 ,
1446 3485 1681 3600 vertigine,
1718 3511 1811 3570 mor
1842 3511 1873 3578 o

606 3599 837 3698 comitiali,
871 3599 1074 3716 gravique
1093 3599 1263 3688 auditu.
1300 3602 1397 3682 Hoc
1419 3592 1619 3709 assumpto
1639 3659 1650 3695 ‚
1679 3593 1781 3709 saepe
1801 3621 1875 3678 co«

604 3709 674 3798 lici
694 3705 992 3807 dolores‚cum
1001 3713 1128 3800 laxius
1151 3707 1395 3806 intestinum,
1416 3708 1534 3827 quod
1561 3709 1689 3795 colon
1712 3723 1874 3794 vocant

605 3825 667 3905 rei
685 3823 1093 3938 Anatomicaeperiri,
1123 3814 1339 3914 inflatione
1350 3819 1615 3917 distenditur,
1642 3814 1872 3926 tolluntur3

607 3931 706 4015 item
727 3957 781 4018 ne
811 3931 971 4018 hriricae
992 3933 1191 4048 passiones
1214 3993 1228 4030 ‚
1265 3931 1314 4018 &
1337 3933 1535 4050 pleraque
1553 3933 1685 4028 urinae
1717 3931 1876 4014 incom-

606 4037 756 4167 moda:
829 4040 1020 4132 tiliffimus
1042 4071 1218 4163 quoque
1237 4046 1282 4130 iis
1304 4067 1504 4162 repertus,
1515 4045 1589 4163 qui
1610 4038 1787 4130 febribus
1803 4039 1875 4126 de·

604 4175 815 4253 tinentur,
841 4150 923 4244 sive
945 4152 1022 4242 illis
1043 4183 1136 4272 quae
1157 4184 1211 4246 ex
1233 4180 1328 4244 toto
1339 4157 1549 4255 desistunt,
1576 4153 1874 4271 fivequaenun'.

591 4269 809 4382 .qua1nita
830 4269 1118 4371 remittuntur,
1147 4291 1193 4360 ut
1212 4267 1401 4389 sequatur
1422 4267 1632 4388 integritas
1654 4330 1667 4388 3
1691 4267 1786 4382 iloc
1806 4289 1875 4378 reg

649 4421 651 4429 ’
1730 4399 1817 4469 tnt-
