4144 5412
645 243 731 350 mo
843 215 1551 326 ANTHOLOGIAE

945 517 1473 647 ,CAPUXVIL
1610 583 1611 588 κ

625 767 787 864 dallei)
811 762 903 866 'alara'
920 769 1119 897 inpietatis
1130 761 1452 972 lfeJundatimeni
1472 819 1485 864 ,
1512 753 1691 879 brevite}
1710 757 1793 856 ᾗῇ]

1112 912 1175 973 cu
1205 906 1313 978 itm

748 1151 801 1215 nc
832 1127 1101 1250 quandoper
1131 1125 1317 1218 omnium
1349 1120 1580 1240 plantarum
1601 1118 1849 1221 discrimina'

484 1250 493 1268 '
760 1271 821 1328 uae
841 1244 1052 1356 praecipua
1079 1239 1155 1332 elle
1182 1239 1483 1356 cognovimus,
1510 1231 1651 1320 fiustta
1671 1233 1779 1316 hanc
1802 1261 1846 1316 a·

564 1359 710 1468 picum
727 1267 1087 1442 iocundationem
1115 1349 1423 1468 perquifivimus
1443 1410 1456 1446 ‚
1479 1346 1588 1548 quid
1608 1342 1848 1432 dubitamus,

567 1463 738 1550 all‘erete
766 1466 960 1555 sterilium
979 1463 1164 1578 stirpium
1185 1466 1318 1576 apices
1342 1462 1393 1546 ad
1412 1457 1477 1549 fru
1522 1455 1638 1544 ifetas
1657 1455 1724 1542 sua
1748 1482 1842 1540 cora

566 1601 677 1701 pora
696 1601 961 1701 nequaquam
981 1577 1270 1670 tranfiuittere,
1301 1596 1390 1660 tum
1409 1570 1528 1690 quod
1548 1568 1658 1656 nulla
1678 1568 1854 1654 ratione.

444 1787 449 1796 .
565 1688 611 1772 ad
630 1687 719 1772 fieri
750 1692 861 1802 polle
889 1689 976 1774 satit
1005 1687 1207 1774 ostensum
1226 1685 1314 1784 est,
1343 1693 1432 1770 tum
1453 1683 1700 1800 potilliu'tum
1714 1676 1841 1798 quod

563 1793 783 1884 fruEtifetis
822 1801 980 1887 inutilia
1017 1801 1106 1886 sunt
1134 1813 1148 1888 ἓ
1188 1804 1276 1886 Cur
1304 1799 1432 1915 igitur
1459 1792 1609 1890 steriles
1637 1791 1779 1903 stirpes
1809 1819 1862 1906 a¹

561 1929 709 1994 natura
737 1911 964 1998 constitutae
992 1911 1111 2009 sunt,
1139 1907 1167 1993 st
1194 1937 1332 2030 neque
1360 1907 1452 2022 ipsa
1480 1905 1658 1996 fratrum
1676 1899 1848 2002 ferunt„

560 2045 701 2136 neque
728 2023 958 2142 quidquam
987 2022 1133 2121 alteri,
1164 2046 1211 2110 ut
1236 2023 1404 2128 fetant,
1433 2015 1654 2106 conferunt
1686 2027 1700 2099 Ξ
1739 2017 1838 2138 lloc

559 2153 699 2218 autem
735 2135 970 2224 mortalium
998 2136 1204 2224 neminem
1240 2137 1338 2226 scire
1380 2129 1489 2218 ‘lane
1517 2126 1803 2218 contenderim
1824 2189 1845 2234 ··.

554 2248 816 2357 ¹Quanquam
844 2273 933 2330 non
952 2247 1089 2344 video,
1119 2277 1192 2333 eut
1203 2249 1245 2334 id
1266 2157 1386 2364 quo<l
1414 2263 1610 2328 nontam
1640 2236 1758 2325 facile
1778 2249 1850 2322 ata

558 2355 720 2469 tingere
748 2352 952 2468 poll'umus
980 2419 991 2454 ,
1017 2359 1266 2473 inquirant‚·
1299 2357 1419 2482 quod
1443 2381 1547 2445 veto
1576 2352 1668 2440 luce
1688 2349 1834 2436 clarius

557 2485 734 2576 apparet
763 2526 775 2560 ,
803 2465 1078 2554 obscuriffimis
1108 2467 1398 2586 questionibus
1428 2463 1648 2558 involvant
1680 2463 1727 2550 δί
1757 2459 1833 2544 cir-

558 2574 842 2685 cumsepiant.
869 2581 1023 2665 Mirum
1055 2604 1105 2661 ne
1136 2581 1196 2665 est
1225 2581 1364 2694 stirpes
1396 2579 1468 2671 sub
1499 2578 1651 2664 eodem
1677 2599 1830 2692 genere

542 2683 665 2770 ¹nasci
693 2745 704 2780 ,
732 2713 907 2804 quarum
941 2687 1027 2774 aliae
1054 2689 1202 2776 steriles
1233 2691 1340 2786 unt,
1371 2690 1456 2776 aliae
1484 2683 1700 2778 fruiiifer'ae
1720 2731 1743 2784 ,-
1760 2709 1832 2766 ne·
1963 2737 1968 2745 -

557 2821 643 2910 que
672 2797 798 2881 altera
829 2801 991 2887 alterius
1017 2801 1234 2916 indigeat;
1262 2809 1424 2890 naturae
1447 2823 1582 2888 autem
1603 2798 1758 2915 legibus
1781 2823 1831 2880 ae-

554 2933 710 3024 quum,
738 2911 1069 3030 quotidianoque
1100 2913 1169 3002 usu
1197 2943 1244 3001 ac
1264 2915 1519 3027 experientia
1541 2915 1681 2998 tritum
1701 2907 1830 2998 visum

556 3018 617 3142 ⁶.st
645 3081 657 3116 ,
690 3015 837 3141 ffirpes
868 3083 879 3116 ,
917 3024 1022 3107 inter
1052 3053 1152 3144 quas
1182 3027 1456 3142 quadraginta
1492 3021 1717 3110 stadiorum
1742 3017 1831 3132 ipa*

553 3149 658 3246 trum
685 3130 984 3230 intercederet,
1012 3133 1082 3226 fibi
1109 3161 1256 3226 mutuo
1276 3132 1439 3224 effluvia
1460 3132 1660 3244 jaculati,
1689 3133 1736 3216 &
1760 3131 1829 3218 ab·

554 3237 709 3324 sentem
739 3240 790 3326 ab
818 3240 978 3330 absente
999 3251 1137 3338 affici?
1168 3250 1282 3356 Quid
1306 3275 1408 3336 vero
1432 3241 1578 3330 deillo
1599 3240 1720 3357 quod
1742 3238 1831 3330 sub«

552 3351 654 3436 inde
681 3355 1008 3472 excogitarunt?
1036 3367 1145 3452 Cum
1165 3362 1277 3448 enim
1296 3361 1382 3448 hoc
1401 3360 1532 3448 minus
1554 3355 1706 3442 rationi
1723 3380 1830 3444 ,con-

552 3461 790 3551 sentaneum
817 3466 893 3554 eil'e
926 3471 1111 3560 vidillent
1143 3535 1154 3574 ‚
1192 3475 1243 3559 ad
1271 3498 1491 3563 ventorum
1519 3467 1826 3587 providentiam

553 3573 738 3665 converit
765 3578 855 3667 sunt
885 3645 894 3668 .
923 3581 1159 3676 Ail'etebant
1191 3586 1330 3704 itaque
1362 3609 1508 3677 ventos
1538 3618 1563 3674 a
1597 3611 1719 3705 tergo
1748 3585 1825 3697 spi⁴

550 3707 687 3779 rantes
716 3717 863 3800 rapere
892 3719 944 3779 ex
971 3694 1167 3790 sterilibus
1198 3700 1345 3814 plantis
1373 3697 1573 3790 seminalia
1597 3725 1781 3813 corpora
1811 3703 1828 3790 ‚'

550 3821 685 3904 eaque
715 3798 766 3881 ad
793 3801 917 3927 socias
946 3804 1085 3922 stirpes
1114 3807 1304 3898 deferre.
1333 3818 1428 3901 Hoc
1454 3841 1591 3904 autem
1610 3805 1822 3902 naturale,

550 3927 677 4015 captu
712 3934 762 3993 ue
789 3907 926 4001 facile,
955 3919 1140 4027 Quidni?
1167 3928 1222 4011 At
1243 3917 1351 4013 fadlu
1374 3954 1501 4044 quam
1521 3921 1821 4038 difficillimum.

548 4015 661 4142 ¹Nam
726 4042 866 4110 rantur
894 4024 944 4107 ad
972 4024 1195 4122 frudtiferas
1224 4033 1313 4123 haec
1343 4039 1617 4152 corpuscula,
1647 4027 1822 4113 ssecessa·

551 4154 613 4216 tta
639 4124 715 4216 tint
741 4197 753 4237 ,
782 4161 926 4224 omnes
955 4136 1094 4258 stirpes
1122 4175 1267 4238 eorum
1295 4149 1539 4265 indigeant,
1568 4136 1716 4255 praesto
1746 4137 1821 4224 sant

540 4241 656 4366 §ubit
683 4271 776 4370 quae
802 4249 1012 4374 excipiant
1045 4319 1058 4362 ,
1094 4258 1347 4386 &denique
1375 4279 1465 4370 ,ut
1490 4249 1731 4370 paucissimis
1760 4249 1823 4360 dit

710 4403 713 4411 “
1652 4389 1772 4478 “mr
1859 4453 1864 4464 ‚
