4144 5412
415 195 624 304 ἨΒΕ
755 196 1276 302 SECUNDUS.
1339 197 1493 360 rpt'q
1654 215 1656 222 ’

222 325 352 424 cami
385 328 592 447 quidquid
619 323 728 412 nula
756 325 918 412 ratione
947 322 1036 412 fieri
1065 321 1176 439 poss'e
1203 325 1454 420 ostendimus
1477 383 1489 434 ⁵

222 464 278 528 ex
286 437 455 526 arbitrio
474 439 562 526 fieri
582 436 781 554 fingamus
804 505 813 523 .
837 436 989 522 Omnia
1010 437 1273 526 concedimus
1293 437 1489 560 ultroque

143 613 146 624 .
220 551 363 638 damus
394 601 405 634 t
443 555 541 638 blec
569 552 708 666 itaque
735 547 931 667 genitalia
968 573 1151 662 corpora
1180 546 1314 636 ferant
1342 557 1489 641 ventis

217 663 302 748 Sed
330 663 397 748 cui
424 685 648 754 vetitorum
675 659 760 747 hoc
790 687 895 775 opus
925 660 1206 746 attribuimus?
1234 667 1293 747 Ze
1325 665 1489 782 hyrone

220 775 404 860 omnium
431 772 662 892 plerunque
689 767 994 887 placidbinno?
1021 770 1235 888 Zephyrus
1256 689 1375 862 elbo.
1403 781 1486 863 Ne

206 883 325 972 ‚cess‘e
351 884 412 974 est
438 888 591 1006 igitur,
619 906 699 982 ut,
727 882 823 972 dum
850 882 992 998 stirpes
1018 883 1171 970 florent
1184 945 1200 980 ‚,
1225 883 1366 974 nullus-
1385 888 1485 978 alius

212 1019 364 1110 praeter
402 997 646 1116 Zephyrum
673 1016 820 1085 ventus
858 993 1010 1110 spiret.
1054 999 1197 1091 Quare
1227 1023 1320 1082 cum
1346 998 1484 1112 stirpes

213 1105 306 1195 alie
333 1135 409 1224 pet
434 1111 631 1230 hyemem
651 1108 847 1202 floreant,
875 1106 962 1194 aliae
990 1107 1038 1190 ·&
1066 1101 1249 1218 plurimae
1276 1132 1353 1219 per
1371 1136 1446 1195 ver
1471 1167 1485 1210 ,

209 1216 355 1308 multe
377 1221 519 1311 estivis
540 1215 760 1317 mensibus,
779 1216 990 1306 nonnullae
1010 1220 1138 1303 etiam
1156 1217 1375 1306 autumnali
1385 1239 1486 1306 tem*

209 1329 408 1442 pestate,
433 1332 480 1418 bt
507 1331 584 1418 sub·
606 1329 817 1430 brumam,
847 1327 976 1418 solum
994 1329 1235 1450 Zephyrum
1255 1349 1350 1419 toto
1370 1356 1485 1418 anno

209 1440 366 1555 spirare
392 1438 604 1529 fatendum
630 1441 718 1546 est3
749 1444 906 1558 quippe
927 1487 939 1537 s
966 1436 994 1523 fi
1023 1440 1124 1530 dum
1161 1501 1169 1520 .·

325 1603 469 1628 ..„.....
494 1587 518 1636 a
543 1553 726 1668 Zephyris
750 1564 882 1639 mitior
908 1583 1001 1637 aare
1026 1566 1139 1641 vente
1323 1621 1326 1630 ,
1473 1619 1479 1626 -

206 1655 351 1754 ¹secum
378 1667 541 1776 apicum
568 1661 808 1778 corpuscula
834 1659 997 1763 ferens>
1025 1693 1081 1752 est
1108 1655 1277 1758 adverso
1296 1655 1482 1758 nrbsota

210 1798 288 1860 nus
316 1771 424 1862 insur
453 1795 531 1871 at,
559 1796 630 1862 aut
659 1775 803 1864 Arate
822 1777 954 1876 hinc,
980 1778 1032 1864 ·&
1051 1778 1149 1866 hine
1167 1785 1350 1880 Boreas,
1380 1807 1480 1872 ven·

208 1905 353 1972 torum
449 1885 599 1976 ibriutn
626 1909 676 1973 ea·
704 1884 942 2004 corpuscula
965 1885 1060 1976 fore
1084 1895 1179 2010 vquis
1207 1919 1297 1978 non
1322 1895 1481 1982 videt?

208 2001 487 2110 Quapropter
515 1994 673 2082 necess'e
701 1999 759 2086 est
787 2063 799 2098 ,
837 2021 885 2090 ut
912 2020 1008 2086 toto
1035 2027 1149 2087 anno
1174 2003 1390 2120 Zephyrus
1418 2002 1483 2086 so-

195 2100 267 2193 ‘sus
294 2132 441 2224 regnet
469 2137 483 2211 ;
523 2107 676 2195 deinde
702 2129 749 2196 ut
784 2109 823 2197 se
861 2111 1204 2230 quoquoversum
1239 2109 1390 2210 ferat,
1431 2112 1481 2197 ὅτ

204 2243 386 2334 vergat.
413 2219 514 2304 Ideo
543 2217 572 2306 st
601 2216 719 2334 stt'rps
746 2216 888 2310 sterilis
917 2226 968 2310 ad
995 2222 1318 2337 septentrionem
1347 2221 1480 2310 collo·

208 2349 301 2416 cata
329 2324 484 2426 fuerit,
511 2330 873 2444 aseptentrionali
900 2359 977 2420 axe
1005 2329 1209 2447 spirabit,
1239 2336 1478 2462 &quidem

200 2468 231 2526 e
260 2440 455 2537 diretto,
483 2439 511 2524 si
537 2437 748 2529 fruetifera
769 2467 916 2531 contra
934 2443 1153 2533 meridiem
1169 2437 1378 2544 infidebrt3
1407 2464 1478 2532 aut

202 2571 357 2638 eontra
385 2551 607 2641 orientales
642 2552 712 2644 vel
741 2551 1015 2645 occidentales
1046 2557 1219 2676 plagas,
1242 2553 1274 2642 si
1301 2558 1478 2644 afficien-

199 2665 268 2750 dae
290 2663 432 2773 stirpes
455 2664 510 2746 ad
531 2663 619 2748 illas
639 2667 830 2778 regiones
850 2688 1045 2778 vergent.
1073 2674 1245 2778 Qtanta
1264 2669 1393 2784 igitur
1411 2693 1477 2750 re-

203 2801 304 2862 rum
326 2770 543 2861 conversio
570 2769 757 2859 facienda
782 2775 865 2871 est,
882 2797 1045 2893 quantae
1073 2777 1117 2858 in
1143 2795 1287 2860 natura
1313 2795 1479 2888 pertut-

202 2885 395 2975 bationes
424 2917 444 2978 ,·
477 2906 523 2970 ut
547 2880 638 2970 hec
664 2881 1021 2972 sernentiammus
1048 2883 1179 2972 aliena
1207 2913 1232 2970 a
1258 2887 1348 2982 veti
1374 2882 1476 2974 suni-

201 2995 377 3084 litudine
405 2990 482 3080 esse
509 2994 694 3083 tradatur
728 3013 736 3082 t
775 3003 920 3110 Qare
947 2994 1017 3082 hic
1046 3021 1221 3118 quoque
1248 3017 1474 3086 ventorum

198 3107 290 3198 tusus
318 3109 478 3196 corruit
510 3174 519 3193 .
557 3107 679 3216 Quid
706 3109 722 3190 i
755 3110 839 3194 itur
864 3104 1033 3220 amplius
1061 3105 1219 3205 restat,
1278 3105 1370 3196 uod
1397 3131 1475 3192 no-

196 3219 262 3310 bis
289 3283 300 3320 ,
330 3243 376 3309 ut
403 3217 490 3306 hate
519 3219 668 3334 opinio
697 3133 754 3308 ab
773 3218 993 3342 'bominum
1018 3223 1219 3318 memoria
1239 3134 1473 3334 Quando

199 3323 407 3424 deleatur,
432 3329 481 3414 stt
505 3329 808 3443 praestandum?
835 3327 1023 3415 Vidimus
1043 3332 1208 3441 apicum
1229 3325 1474 3439 corpuscula

196 3443 251 3530 ad
272 3441 507 3558 embryonis
529 3439 883 3550 {attendationern
895 3435 1117 3525 necess'arIa
1136 3461 1226 3520 non
1246 3439 1345 3535 effe,
1366 3459 1475 3554 quo-
1605 3529 1607 3532 ,

195 3557 311 3644 niam
334 3553 472 3643 musra
499 3551 640 3668 stirpes
665 3555 852 3670 apicibus
871 3554 1130 3668 privantur,
1157 3543 1301 3653 multe
1319 3543 1474 3636 etiamfi
1605 3644 1607 3648 ,

195 3668 412 3765 babeant,
437 3687 582 3750 tamen
610 3691 704 3753 oum
730 3665 883 3756 steriles
909 3662 1023 3760 siut,
1050 3663 1187 3794 neque
1218 3661 1335 3749 alteri
1356 3683 1473 3747 cotn-

8 3887 9 3896 Ν
192 3783 437 3876 mussitent,
466 3778 624 3864 nullum
650 3773 704 3864 eri
727 3779 792 3866 bis
825 3776 942 3864 tunm
963 3795 1232 3892 percipeunt.
1255 3773 1393 3882 Quod
1414 3771 1472 3859 sa-

194 3921 248 3981 ne
268 3891 459 4094 Ἑκηνίε
483 3887 577 4016 ›satis
599 3888 808 4010 superque
835 3885 911 4000 ess‘e
933 3889 992 4016 ¹jad
1022 3887 1128 4019 banc
1151 3889 1395 4013 opinionem
1414 3879 1473 3972 la·

195 4004 286 4178 befa
331 4003 481 4091 andam
506 4003 741 4144 videretur,
768 4029 908 4184 purten
929 4001 970 4088 rd
992 3999 1339 4196 enamagprepintp
1348 3997 1470 4191 effi:

185 4107 1473 4424 {figfflpfflssfflfifflffiffisfflww
