4130 5424
599 239 1037 366 QvArrm
1328 271 1384 370 ὅ)

177 369 326 472 Qiare
354 379 616 482 quascunque
651 359 753 452 huic
792 361 916 450 ltaliae
955 365 1059 477 parti
1097 364 1241 458 imidet'
1267 371 1407 489 plants'
1441 373 1453 478 3

181 473 452 562 infirmiorem
479 475 752 571 crediderim,
781 501 910 590 quain
929 504 1025 591 quae
1045 480 1089 563 in
1108 482 1262 581 altera,
1293 487 1340 570 dc
1360 517 1455 607 quae

185 587 228 670 in
257 595 484 701 Gargano,
509 587 557 674 &
579 588 790 700 Apennini
826 588 1084 704 regione'ad
1112 598 1327 684 meridiem
1356 627 1456 686 con.

183 697 295 786 versa
323 699 572 786 nascuntur.

242 813 425 927 Tempus
452 835 632 926 quoque
659 805 852 925 legendi,
871 839 924 896 ac
950 813 1121 898 eruendi
1146 818 1303 930 plantas
1332 817 1457 950 pluri.

179 950 296 1014 muin
321 927 375 1012 ,ad
390 916 602 1008 facultates
632 919 820 1019 confert,
849 947 1023 1042 quoque
1042 931 1173 1044 magis
1193 931 1456 1051 negligimus,

184 1066 238 1122 eo
262 1037 430 1151 gravius
460 1030 675 1145 culpandi.
703 1039 806 1120 Non
834 1043 973 1118 tamen
992 1034 1064 1120 hic
1094 1037 1192 1123 anili
1213 1041 1457 1154 superstitio-

181 1175 236 1234 ne
274 1171 422 1262 captus
463 1144 646 1234 didiurus
674 1141 759 1231 sum
787 1205 803 1242 ,
845 1173 931 1263 qus
958 1142 1227 1257 peculiarium
1254 1151 1456 1240 astrorum

184 1258 453 1346 conversione
478 1318 491 1354 ,
522 1283 616 1373 quae
644 1257 773 1343 verba
795 1254 873 1340 sint
890 1259 1113 1356 canenda,
1142 1289 1235 1374 quae
1261 1263 1316 1348 ad
1340 1263 1455 1350 usum

182 1369 450 1458 instrumenta
478 1365 695 1480 paranda.
724 1368 944 1479 Temporis
973 1375 1332 1482 opportunitatem
1341 1370 1460 1459 intel-

183 1479 305 1598 ligo,
334 1507 425 1598 quo
442 1479 606 1678 plantas
635 1481 947 1572 maturitatem,
974 1478 1026 1563 ὅ(
1051 1477 1355 1594 perfestionem
1386 1483 1459 1570 ha-

185 1593 318 1691 bent,
344 1593 388 1682 id
414 1623 438 1678 e
501 1617 598 1678 cuin
621 1585 851 1676 naturalem
874 1585 1164 1681 evolutionem
1185 1597 1317 1681 nactae
1332 1594 1459 1684 succo

183 1701 318 1816 ¹salino
350 1770 362 1803 ,
400 1699 699 1812 &sulphureo
726 1700 773 1782 in
805 1699 1007 1788 utriculos
1036 1704 1196 1833 digesto
1224 1733 1349 1827 quain
1371 1735 1461 1792 ins-

183 1821 295 1907 xiiue
317 1813 410 1904 sunt
438 1809 600 1905 referia
629 1857 645 1898 a
672 1813 834 1906 Verum
855 1836 954 1902 ante
978 1843 1123 1902 onmia
1147 1819 1260 1904 inter
1284 1815 1461 1904 riecess‘a-

177 1931 246 2044 ria
269 1923 330 2016 est
348 1925 453 2016 scire
475 1951 818 2046 unamquamque
846 1923 1082 2038 plautatum
1098 1953 1262 2043 partein
1280 1957 1370 2013 non
1387 1957 1463 2016 eo·

178 2040 282 2126 deiu
316 2062 510 2155 tempore
535 2033 618 2124 ell'e'
640 2033 888 2159 legendam,
912 2037 984 2124 vsed
1011 2040 1137 2128 veluti
1167 2068 1244 2156 per
1265 2041 1422 2158 gradus
1451 2103 1461 2122 .

182 2157 326 2253 Quam
353 2149 520 2268 legendi
543 2151 747 2236 rationem
770 2148 940 2238 strictim
960 2153 1079 2241 vobis
1100 2179 1311 2274 exponam
1331 2151 1381 2240 ab
1400 2179 1464 2238 ra

185 2263 285 2348 dice
312 2263 525 2351 ordiens.
558 2265 660 2348 Haec
687 2267 826 2380 itaque
853 2258 1084 2352 effodienda
1116 2327 1128 2362 ,
1167 2263 1387 2382 postquam
1416 2291 1463 2350 o'-

183 2378 294 2474 mnis,
317 2377 471 2478 humor
485 2375 659 2487 ,penitus
688 2375 733 2458 in
756 2373 838 2487 ipsa
861 2378 1152 2494 conquieverit
1174 2383 1199 2461 .'
1213 2383 1356 2475 Quare
1378 2373 1463 2464 bul·

181 2485 228 2577 bi
260 2549 274 2586 ,
310 2486 518 2580 exsiccatis
543 2485 665 2574 caule
687 2481 884 2604 foliisque
913 2551 927 2584 ,
964 2490 1131 2604 optime
1155 2511 1460 2602 reponuntur.

179 2595 368 2714 Reliquae
386 2601 544 2694 radices
559 2597 743 2688 brumali
763 2599 1016 2712 teinpcstate,
1037 2597 1105 2690 uel
1122 2598 1264 2686 saltem
1282 2598 1356 2687 ,sub
1369 2597 1463 2686 bru·

159 2739 292 2802 lnam
316 2775 346 2817 ,a
373 2741 469 2806 cum
496 2721 580 2821 jam
597 2708 853 2800 autumnales
882 2711 1031 2823 pluviae
1055 2709 1356 2826 praeccll'erint,
1385 2709 1463 2806 ὅτ,

179 2825 372 2912 humoris
403 2823 521 2908 cursu
548 2823 701 2933 pruinis
724 2819 939 2937 repreffo,
965 2824 1166 2942 gelicidiis
1193 2824 1341 2912 humus
1361 2845 1461 2930 teria

183 2941 265 3038 tari
295 2936 376 3024 inc'
412 2935 487 3020 iat.
510 2931 720 3047 Hybernis
749 2935 864 3020 euim
885 2934 1087 3023 mensibus
1114 2963 1168 3023 ne
1204 2964 1253 3023 ue
1281 2936 1459 3033 utriculi,

187 3060 328 3177 ne'que
353 3046 387 3134 fi
416 3041 515 3134 rillae
542 3041 683 3130 inutili
705 3042 829 3132 succo
860 3047 1094 3135 redundant
1124 3112 1137 3149 ,
1163 2965 1234 3134 fed
1264 3049 1310 3134 δι
1341 3069 1465 3160 pecu·-

185 3161 303 3254 liaria
331 3159 421 3254 uasa
444 3219 456 3254 ,
479 3181 578 3274 quat
602 3151 734 3253 sales,
764 3157 812 3244 ὅ(
833 3155 995 3244 oleosas
1023 3184 1163 3276 partes
1192 3159 1249 3248 ab
1282 3159 1465 3246 utriculis

182 3297 375 3388 acceptas
396 3275 617 3380 continere
635 3264 917 3380 superioribus
935 3271 1079 3362 diebus
1102 3273 1321 3362 docuimus
1341 3332 1352 3365 ‚
1383 3270 1466 3382 ple-

187 3413 250 3472 na,
268 3416 318 3472 ac
349 3382 517 3498 turgida
542 3377 807 3494 reperiuntur
838 3445 853 3465 ..
890 3389 947 3466 At
980 3445 992 3478 ,
1029 3387 1159 3476 siver
1180 3387 1466 3493 expectetur,

190 3496 313 3594 sales,
342 3497 390 3584 &
417 3493 554 3582 oleosa
585 3491 827 3604 corpuscula
855 3491 1062 3608 aquofiori
1088 3499 1142 3582 ab
1163 3495 1293 3582 humo
1317 3519 1466 3577 recens

190 3603 374 3729 ingrell'o
399 3605 525 3696 succo
554 3605 791 3701 diluuntur,
820 3625 945 3727 atque
963 3633 1045 3691 una
1067 3605 1119 3692 ad
1140 3603 1384 3720 explicanda
1404 3599 1469 3690 fo.

193 3723 262 3819 lia,
292 3751 340 3812 ac
369 3717 530 3808 caulem
554 3716 707 3806 surfiiin
729 3717 1010 3805 contendunt.
1034 3717 1253 3826 Quocirca
1279 3719 1399 3802 radix
1412 3741 1467 3802 eo

190 3859 384 3945 tempore
422 3825 559 3924 tffossa
579 3829 715 3950 magis
739 3831 873 3918 cruda
896 3857 1033 3947 aqua,
1057 3857 1198 3950 quain
1221 3825 1391 3925 salibus,
1421 3829 1469 3918 dt

192 3944 450 4038 felicioribus
476 3944 659 4057 partibus
682 3943 767 4032 erit
797 3937 983 4030 referta:
1012 3968 1065 4056 pr
1127 3965 1238 4028 terea
1258 3938 1467 4059 languido

190 4060 331 4176 pensu,
352 4056 395 4150 sl,
410 4056 673 4171 exploretur,
693 4053 921 4153 allicimur,
949 4055 1078 4144 &cit'
1122 4083 1187 4142 me
1208 4057 1323 4142 carie
1341 4072 1470 4173 tenta,

190 4193 261 4278 uir
282 4172 466 4281 ,Qum
492 4167 848 4277 limodicamentis
872 4167 1125 4264 nuscearuus,
1152 4165 1341 4284 tormina·
1358 4163 1480 4248 cxci..

194 4306 291 4388 sat,
317 4285 458 4382 aluum
478 4309 576 4392 cuin
595 4285 755 4396 unpetu
775 4279 949 4392 dejicit,
974 4279 1022 4370 &
1046 4277 1201 4369 crebris
1228 4274 1472 4476 uomigiouia

373 4430 380 4447 ·
1369 4411 1415 4474 us
