4088 5412
522 201 578 288 v
610 197 735 286 ΝΒ
767 193 809 285 E
841 194 874 282 C
905 188 933 280 I
958 195 1031 279 M
1054 193 1117 284 A.
1321 207 1407 324 285

308 319 375 402 bus
389 315 553 432 fistarosts
580 315 631 399 H.
660 315 708 402 L.
734 327 844 408 aar,
873 309 920 398 &
949 307 1149 398 Tournef.
1176 317 1256 426 JnJi.
1284 323 1333 408 R.
1360 327 1477 412 nab.

256 458 457 656 Cab’ibulis
487 540 575 626 haec
603 523 914 648 bemispbaerieis
944 531 1156 636 donatur,
1194 567 1376 667 quorum
1401 547 1477 634 no.

196 681 263 740 res
291 657 336 738 in
362 679 524 746 cotona
552 642 867 744 semifloscul'osr,
895 641 1106 766 lingulati,
1136 645 1236 750 albi,
1266 655 1376 742 circa
1406 687 1475 746 ex.

192 759 445 853 'tremitatem
474 758 714 876 emarginati
743 757 997 877 plerunque,
1026 759 1093 851 vel
1121 764 1163 845 in
1190 765 1332 858 dentes
1353 768 1473 870 sem,

197 877 307 976 albi,
336 907 432 968 cum
459 875 557 964 tuba
587 869 710 961 bifida
732 931 741 949 .
767 875 816 956 In
846 871 957 958 disco
987 872 1185 962 flosculost
1215 881 1386 994 proprie
1413 879 1474 970 di-⁴

198 989 287 1086 ui,
315 984 519 1087 tubulati,
549 1015 626 1104 per
658 1009 773 1071 oram
801 985 1146 1102 quinquepartito
1174 984 1319 1089 divin,
1359 994 1471 1092 albi,

199 1128 296 1189 eum
324 1101 473 1218 vagina
501 1101 548 1188 δέ
576 1098 674 1190 tuba
696 1097 834 1188 luteis.
863 1099 1026 1186 Semina
1050 1123 1307 1186 maturantur
1336 1105 1380 1188 in
1399 1135 1472 1198 nu,

195 1211 255 1296 do
285 1212 490 1313 thalamo,
520 1241 608 1300 non
638 1227 822 1336 pappus,
851 1237 940 1297 non
967 1209 1148 1332 squamas
1169 1209 1219 1296 ad
1237 1207 1471 1304 fulciendos

196 1327 319 1412 flores
349 1329 443 1414 ina
476 1327 539 1414 ice
566 1324 764 1414 ferentia.
978 1327 981 1334 ’
1466 1419 1471 1428 ,

249 1444 412 1544 Quarta
440 1354 519 1528 bac
546 1440 751 1553 separatur
781 1429 1009 1523 differentia
1031 1473 1061 1552 εΙ
1090 1434 1207 1564 quod
1233 1431 1472 1531 semifloscu-

187 1543 250 1632 ios
282 1547 489 1637 tubulatus
525 1550 694 1668 gignit,
735 1549 779 1633 in
819 1574 895 1634 ora
932 1549 1188 1666 inaequaitter
1215 1547 1372 1650 senos,
1414 1553 1470 1652 al.

187 1656 292 1759 bos,
323 1660 447 1750 bifida
475 1685 635 1752 tantum
663 1661 760 1752 tuba
789 1659 1030 1750 instruetur.
1058 1665 1157 1746 Haec
1188 1660 1231 1760 in
1262 1662 1370 1750 libro
1399 1667 1468 1756 cui

185 1771 325 1860 titulus
357 1794 495 1862 Hortus
522 1785 659 1890 Regius
686 1775 914 1882 Paristensts,
943 1771 1184 1858 describitur
1211 1779 1383 1862 nomine

233 1887 314 1976 .IV.
341 1890 709 2002 Matrrssrarr'aefrliis
724 1887 868 1996 florum
884 1887 1052 1992 fistulam
1078 1883 1283 1970 Tournef.
1310 1893 1391 1996 Inst.
1415 1891 1463 1975 R.

297 2001 411 2082 Herb.
467 2029 491 2102 9
530 2064 541 2083 .
1030 2043 1034 2052 ·
1252 2003 1257 2012 “

184 2187 191 2200 ,
242 2102 404 2194 Ultima
430 2031 466 2194 a?
483 2032 614 2224 pbima
642 2109 939 2198 discriminatur
949 2137 961 2210 3
994 2111 1197 2226 quoniam
1222 2107 1345 2200 flores
1377 2132 1467 2196 tum

184 2213 511 2310 semiflosculosos
537 2283 549 2319 ,
578 2245 666 2312 turn
694 2223 926 2310 floscuioios
955 2225 999 2310 in
1027 2218 1215 2308 tubuiutn
1243 2217 1466 2334 complica-

183 2349 249 2412 tos
280 2331 499 2442 producit.
525 2337 651 2422 Extat
680 2337 724 2422 in
753 2335 904 2422 eodem
932 2332 1040 2422 libro
1062 2333 1183 2444 hujus
1210 2356 1465 2420 commemo-1

181 2441 290 2524 ratio
320 2443 373 2528 ad
399 2441 512 2529 hunc
539 2447 734 2540 modum.

234 2551 288 2658 Υ.
315 2555 667 2746 Μαινέεανίὰίθονε
696 2556 840 2670 aphyllo
868 2553 920 2636 H.
947 2555 997 2640 R.
1024 2565 1145 2646 Pan,
1186 2550 1234 2636 &
1262 2543 1462 2638 Tournef.

184 2745 188 2750 .
287 2666 370 2771 last.
398 2669 447 2752 R.
474 2681 553 2746 Her
583 2727 592 2746 .
617 2693 711 2775 493.
738 2666 970 2747 Matricarr'a
998 2659 1154 2746 bullatis
1169 2661 1359 2774 floribus,
1393 2697 1461 2748 au·

212 2857 216 2864 ,
291 2785 369 2854 reis
395 2769 517 2858 Park.
544 2786 580 2856 T
580 2775 701 2864 bertr..

191 2927 195 2934 .
234 2889 345 2997 Qrae
374 2885 426 2970 ad
452 2884 614 3002 generis
643 2905 861 2981 naturam,
904 2879 1032 2982 &ad
1068 2879 1296 2998 specierum
1312 2885 1457 2982 ‚discti-

178 2994 289 3082 mina
318 2997 527 3109 pertinere
555 2994 636 3082 visa
664 2995 775 3092 sunt,
802 3004 885 3108 jam
911 2990 1174 3103 subjecimus:
1204 3001 1259 3086 de
1286 3003 1352 3098 vi,
1374 2999 1455 3100 usu,

67 3167 70 3172 -
176 3130 302 3228 atque
332 3105 510 3194 utilitate
540 3133 672 3222 pauca
699 3106 876 3195 dicenda
902 3104 1067 3191 restant.
1446 3149 1479 3212 g

232 3219 386 3308 salibus
415 3214 575 3307 referta·
602 3219 795 3309 videntur
824 3229 1059 3306 Matricrriae
1091 3219 1179 3328 ,ἃ
1204 3223 1305 3309 oleo
1333 3222 1457 3306 ess'en·

175 3331 284 3436 tiaii3
315 3331 479 3450 gustatu
507 3355 672 3428 amarae,
694 3334 847 3418 eximio
876 3329 1012 3416 odore
1039 3361 1089 3416 ac
1117 3337 1236 3450 gravi
1266 3332 1457 3448 praeditae.

177 3447 383 3558 Aperiunt
411 3442 836 3542 autem,di[cutiunt,
863 3439 1102 3556 expellunt,
1131 3445 1249 3530 utiles
1276 3446 1455 3532 maxime

177 3557 221 3642 in
250 3554 443 3655 febribus,
473 3585 564 3677 quae
579 3585 652 3673 per
680 3552 890 3647 intervalia
918 3551 1133 3653 invadunt,
1161 3553 1238 3642 eil'e
1265 3557 1457 3646 tradunt.

179 3677 333 3758 Suetus
363 3693 512 3758 contra
539 3669 692 3760 ventris
721 3669 851 3756 tineas
881 3665 1104 3757 commode
1131 3669 1276 3766 datur,
1304 3691 1374 3758 aut
1401 3697 1456 3755 ex

175 3811 285 3904 aqua
312 3785 490 3876 decoua
517 3777 653 3872 folia..
680 3781 871 3870 Salutaris
897 3805 1076 3903 quoque
1115 3779 1262 3870 harum
1290 3783 1376 3870 usus
1405 3783 1455 3868 iis

174 3895 391 4008 proditur,
421 3898 495 4010 qui
525 3899 635 3984 circa
664 3896 847 3986 infimum
874 3917 1064 3984 ventrem
1092 3921 1147 3978 ex
1171 3891 1456 3988 infartuiabo-

174 4033 292 4112 rant.
322 4007 546 4099 Utiiiffimae
575 4033 711 4099 autem
740 4009 907 4122 privatis
936 4003 1196 4096 foeminarum
1223 4005 1360 4104 malis,
1382 4034 1456 4094 una

176 4125 232 4206 de
259 4149 413 4210 nomen
440 4121 621 4214 habent..
647 4131 793 4235 Qtare
820 4123 867 4210 &r
895 4122 1120 4209 catamenia
1146 4120 1456 4214 subducunt,&

172 4231 670 4358 secundinardejieiunt,
696 4259 785 4329 turn
812 4255 954 4354 partus
984 4233 1204 4350 adjuvant,
1228 4233 1281 4358 2&
1309 4257 1402 4350 quae
1432 4259 1459 4326 a

725 4353 731 4370 “
1282 4366 1406 4463 partu
