<?xml version="1.0" encoding="UTF-8"?>
<!DOCTYPE html PUBLIC "-//W3C//DTD XHTML 1.0 Transitional//EN"
    "http://www.w3.org/TR/xhtml1/DTD/xhtml1-transitional.dtd">
<html xmlns="http://www.w3.org/1999/xhtml" xml:lang="en" lang="en">
 <head>
  <title>
</title>
<meta http-equiv="Content-Type" content="text/html;charset=utf-8" />
  <meta name='ocr-system' content='tesseract 3.04.00' />
  <meta name='ocr-capabilities' content='ocr_page ocr_carea ocr_par ocr_line ocrx_word'/>
</head>
<body>
  <div class='ocr_page' id='page_1' title='image "./juliipontederae00manfgoog_0036.png"; bbox 0 0 4168 5418; ppageno 0'>
   <div class='ocr_carea' id='block_1_1' title="bbox 168 263 1507 4552">
    <p class='ocr_par' dir='ltr' id='par_1_1' title="bbox 168 263 1447 507">
     <span class='ocr_line' id='line_1_1' title="bbox 168 263 1447 507; baseline 0.003 -33"><span class='ocrx_word' id='word_1_1' title='bbox 168 385 292 476; x_wconf 81' lang='lat' dir='ltr'><strong>etiarn</strong></span> <span class='ocrx_word' id='word_1_2' title='bbox 317 378 452 507; x_wconf 81' lang='lat' dir='ltr'><strong>adhuc</strong></span> <span class='ocrx_word' id='word_1_3' title='bbox 473 381 701 499; x_wconf 85' lang='lat' dir='ltr'>supersunt,</span> <span class='ocrx_word' id='word_1_4' title='bbox 730 409 825 503; x_wconf 84' lang='lat' dir='ltr'><strong>quae</strong></span> <span class='ocrx_word' id='word_1_5' title='bbox 836 263 967 472; x_wconf 54' lang='lat' dir='ltr'><strong>bobis</strong></span> <span class='ocrx_word' id='word_1_6' title='bbox 991 413 1082 472; x_wconf 80' lang='lat' dir='ltr'><strong>earn</strong></span> <span class='ocrx_word' id='word_1_7' title='bbox 1097 385 1343 478; x_wconf 85' lang='lat' dir='ltr'><strong>docentibus</strong></span> <span class='ocrx_word' id='word_1_8' title='bbox 1352 295 1447 478; x_wconf 71' lang='lat' dir='ltr'><strong>5oli-¹</strong></span> 
     </span>
    </p>

    <p class='ocr_par' dir='ltr' id='par_1_2' title="bbox 172 495 1445 611">
     <span class='ocr_line' id='line_1_2' title="bbox 172 495 1445 611; baseline 0.002 -25"><span class='ocrx_word' id='word_1_9' title='bbox 172 499 243 610; x_wconf 80' lang='lat' dir='ltr'><strong>jici</strong></span> <span class='ocrx_word' id='word_1_10' title='bbox 273 495 466 611; x_wconf 73' lang='lat' dir='ltr'><strong>pollunt,</strong></span> <span class='ocrx_word' id='word_1_11' title='bbox 504 503 671 598; x_wconf 89' lang='lat' dir='ltr'><strong>Porro,</strong></span> <span class='ocrx_word' id='word_1_12' title='bbox 700 525 795 586; x_wconf 88' lang='lat' dir='ltr'><strong>cuni</strong></span> <span class='ocrx_word' id='word_1_13' title='bbox 822 495 866 582; x_wconf 90' lang='lat' dir='ltr'><strong>in</strong></span> <span class='ocrx_word' id='word_1_14' title='bbox 893 501 1005 584; x_wconf 89' lang='lat' dir='ltr'><strong>floris</strong></span> <span class='ocrx_word' id='word_1_15' title='bbox 1035 499 1280 589; x_wconf 88' lang='lat' dir='ltr'><strong>definitione</strong></span> <span class='ocrx_word' id='word_1_16' title='bbox 1310 503 1445 588; x_wconf 76' lang='lat' dir='ltr'><strong>totius</strong></span> 
     </span>
    </p>

    <p class='ocr_par' dir='ltr' id='par_1_3' title="bbox 171 607 1447 728">
     <span class='ocr_line' id='line_1_3' title="bbox 171 607 1447 728; baseline 0.005 -33"><span class='ocrx_word' id='word_1_17' title='bbox 171 611 386 698; x_wconf 80' lang='lat' dir='ltr'><strong>botanices</strong></span> <span class='ocrx_word' id='word_1_18' title='bbox 414 612 524 698; x_wconf 85' lang='lat' dir='ltr'><strong>mtio</strong></span> <span class='ocrx_word' id='word_1_19' title='bbox 553 607 623 700; x_wconf 83' lang='lat' dir='ltr'><strong>sita</strong></span> <span class='ocrx_word' id='word_1_20' title='bbox 654 634 776 728; x_wconf 84' lang='lat' dir='ltr'><strong>atque</strong></span> <span class='ocrx_word' id='word_1_21' title='bbox 807 611 1013 700; x_wconf 79' lang='lat' dir='ltr'><strong>collocata</strong></span> <span class='ocrx_word' id='word_1_22' title='bbox 1038 610 1085 697; x_wconf 79' lang='lat' dir='ltr'><strong>fit</strong></span> <span class='ocrx_word' id='word_1_23' title='bbox 1106 615 1287 713; x_wconf 74' lang='lat' dir='ltr'><strong>,omnia</strong></span> <span class='ocrx_word' id='word_1_24' title='bbox 1314 639 1447 702; x_wconf 87' lang='lat' dir='ltr'><strong>matu-</strong></span> 
     </span>
    </p>

    <p class='ocr_par' dir='ltr' id='par_1_4' title="bbox 173 719 1488 3181">
     <span class='ocr_line' id='line_1_4' title="bbox 173 719 1458 840; baseline 0.002 -36"><span class='ocrx_word' id='word_1_25' title='bbox 173 749 225 807; x_wconf 93' lang='lat' dir='ltr'><strong>ro</strong></span> <span class='ocrx_word' id='word_1_26' title='bbox 255 719 428 810; x_wconf 83' lang='lat' dir='ltr'><strong>consilio</strong></span> <span class='ocrx_word' id='word_1_27' title='bbox 451 726 738 840; x_wconf 73' lang='lat' dir='ltr'><strong>pertrabianda</strong></span> <span class='ocrx_word' id='word_1_28' title='bbox 756 723 864 823; x_wconf 87' lang='lat' dir='ltr'><strong>sunt,</strong></span> <span class='ocrx_word' id='word_1_29' title='bbox 884 752 957 822; x_wconf 93' lang='lat' dir='ltr'><strong>ne,</strong></span> <span class='ocrx_word' id='word_1_30' title='bbox 986 723 1211 814; x_wconf 87' lang='lat' dir='ltr'><strong>infirmiore</strong></span> <span class='ocrx_word' id='word_1_31' title='bbox 1231 727 1345 840; x_wconf 69' lang='lat' dir='ltr'><strong>labio</strong></span> <span class='ocrx_word' id='word_1_32' title='bbox 1364 724 1458 814; x_wconf 76' lang='lat' dir='ltr'><strong>sum</strong></span> 
     </span>
     <span class='ocr_line' id='line_1_5' title="bbox 173 831 1460 956; baseline -0.002 -32"><span class='ocrx_word' id='word_1_33' title='bbox 173 831 395 933; x_wconf 76' lang='lat' dir='ltr'><strong>dumento,</strong></span> <span class='ocrx_word' id='word_1_34' title='bbox 424 837 632 955; x_wconf 90' lang='lat' dir='ltr'><strong>quidquid</strong></span> <span class='ocrx_word' id='word_1_35' title='bbox 659 837 809 924; x_wconf 87' lang='lat' dir='ltr'><strong>deinde</strong></span> <span class='ocrx_word' id='word_1_36' title='bbox 829 836 1150 956; x_wconf 84' lang='lat' dir='ltr'><strong>superstruatur,</strong></span> <span class='ocrx_word' id='word_1_37' title='bbox 1179 837 1297 927; x_wconf 90' lang='lat' dir='ltr'><strong>nullo</strong></span> <span class='ocrx_word' id='word_1_38' title='bbox 1325 865 1377 926; x_wconf 90' lang='lat' dir='ltr'><strong>ne</strong></span> <span class='ocrx_word' id='word_1_39' title='bbox 1408 865 1460 920; x_wconf 79' lang='lat' dir='ltr'><strong>o.</strong></span> 
     </span>
     <span class='ocr_line' id='line_1_6' title="bbox 176 947 1470 1071; baseline 0.004 -41"><span class='ocrx_word' id='word_1_40' title='bbox 176 947 240 1034; x_wconf 91' lang='lat' dir='ltr'><strong>tio</strong></span> <span class='ocrx_word' id='word_1_41' title='bbox 268 973 456 1038; x_wconf 89' lang='lat' dir='ltr'><strong>corruat.</strong></span> <span class='ocrx_word' id='word_1_42' title='bbox 485 955 630 1056; x_wconf 86' lang='lat' dir='ltr'><strong>Quare</strong></span> <span class='ocrx_word' id='word_1_43' title='bbox 656 947 708 1036; x_wconf 88' lang='lat' dir='ltr'><strong>sic</strong></span> <span class='ocrx_word' id='word_1_44' title='bbox 736 979 887 1068; x_wconf 87' lang='lat' dir='ltr'><strong>agam,</strong></span> <span class='ocrx_word' id='word_1_45' title='bbox 914 975 960 1040; x_wconf 90' lang='lat' dir='ltr'><strong>ut</strong></span> <span class='ocrx_word' id='word_1_46' title='bbox 988 950 1084 1048; x_wconf 83' lang='lat' dir='ltr'><strong>illa,</strong></span> <span class='ocrx_word' id='word_1_47' title='bbox 1111 953 1155 1036; x_wconf 91' lang='lat' dir='ltr'><strong>in</strong></span> <span class='ocrx_word' id='word_1_48' title='bbox 1183 951 1338 1071; x_wconf 81' lang='lat' dir='ltr'><strong>quibus</strong></span> <span class='ocrx_word' id='word_1_49' title='bbox 1406 980 1470 1036; x_wconf 66' lang='lat' dir='ltr'><strong>m.</strong></span> 
     </span>
     <span class='ocr_line' id='line_1_7' title="bbox 177 1057 1464 1177; baseline -0.005 -25"><span class='ocrx_word' id='word_1_50' title='bbox 177 1057 395 1152; x_wconf 84' lang='lat' dir='ltr'><strong>urnefortii</strong></span> <span class='ocrx_word' id='word_1_51' title='bbox 424 1063 479 1150; x_wconf 91' lang='lat' dir='ltr'><strong>de</strong></span> <span class='ocrx_word' id='word_1_52' title='bbox 508 1061 619 1150; x_wconf 87' lang='lat' dir='ltr'><strong>floris</strong></span> <span class='ocrx_word' id='word_1_53' title='bbox 647 1086 793 1150; x_wconf 83' lang='lat' dir='ltr'><strong>natura</strong></span> <span class='ocrx_word' id='word_1_54' title='bbox 820 1063 1017 1150; x_wconf 88' lang='lat' dir='ltr'><strong>sententia</strong></span> <span class='ocrx_word' id='word_1_55' title='bbox 1055 1063 1161 1152; x_wconf 84' lang='lat' dir='ltr'><strong>male</strong></span> <span class='ocrx_word' id='word_1_56' title='bbox 1189 1065 1323 1177; x_wconf 87' lang='lat' dir='ltr'>accipi</span> <span class='ocrx_word' id='word_1_57' title='bbox 1366 1085 1464 1175; x_wconf 63' lang='lat' dir='ltr'><strong>pot«</strong></span> 
     </span>
     <span class='ocr_line' id='line_1_8' title="bbox 177 1171 1461 1290; baseline -0.001 -29"><span class='ocrx_word' id='word_1_58' title='bbox 177 1171 256 1270; x_wconf 76' lang='lat' dir='ltr'><strong>est,</strong></span> <span class='ocrx_word' id='word_1_59' title='bbox 285 1201 369 1290; x_wconf 87' lang='lat' dir='ltr'><strong>ego</strong></span> <span class='ocrx_word' id='word_1_60' title='bbox 398 1175 482 1289; x_wconf 89' lang='lat' dir='ltr'><strong>ipse</strong></span> <span class='ocrx_word' id='word_1_61' title='bbox 510 1174 688 1263; x_wconf 84' lang='lat' dir='ltr'><strong>aliorum</strong></span> <span class='ocrx_word' id='word_1_62' title='bbox 706 1173 932 1290; x_wconf 73' lang='lat' dir='ltr'><strong>diligentiae</strong></span> <span class='ocrx_word' id='word_1_63' title='bbox 960 1201 1183 1262; x_wconf 90' lang='lat' dir='ltr'><strong>occurrens</strong></span> <span class='ocrx_word' id='word_1_64' title='bbox 1210 1181 1253 1259; x_wconf 93' lang='lat' dir='ltr'><strong>in</strong></span> <span class='ocrx_word' id='word_1_65' title='bbox 1275 1174 1461 1260; x_wconf 86' lang='lat' dir='ltr'><strong>medium</strong></span> 
     </span>
     <span class='ocr_line' id='line_1_9' title="bbox 179 1278 1465 1405; baseline -0.002 -35"><span class='ocrx_word' id='word_1_66' title='bbox 179 1278 369 1374; x_wconf 88' lang='lat' dir='ltr'><strong>afferam.</strong></span> <span class='ocrx_word' id='word_1_67' title='bbox 398 1287 562 1394; x_wconf 85' lang='lat' dir='ltr'><strong>Quibus</strong></span> <span class='ocrx_word' id='word_1_68' title='bbox 591 1287 792 1405; x_wconf 85' lang='lat' dir='ltr'><strong>cognitis,</strong></span> <span class='ocrx_word' id='word_1_69' title='bbox 823 1305 910 1374; x_wconf 88' lang='lat' dir='ltr'><strong>tuni</strong></span> <span class='ocrx_word' id='word_1_70' title='bbox 939 1311 991 1370; x_wconf 93' lang='lat' dir='ltr'><strong>ne</strong></span> <span class='ocrx_word' id='word_1_71' title='bbox 1023 1285 1199 1372; x_wconf 82' lang='lat' dir='ltr'><strong>alioriun</strong></span> <span class='ocrx_word' id='word_1_72' title='bbox 1224 1284 1465 1400; x_wconf 84' lang='lat' dir='ltr'><strong>opiniones,</strong></span> 
     </span>
     <span class='ocr_line' id='line_1_10' title="bbox 179 1397 1469 1510; baseline 0 -26"><span class='ocrx_word' id='word_1_73' title='bbox 179 1422 276 1510; x_wconf 88' lang='lat' dir='ltr'><strong>quae</strong></span> <span class='ocrx_word' id='word_1_74' title='bbox 314 1399 636 1510; x_wconf 86' lang='lat' dir='ltr'><strong>improbantur,</strong></span> <span class='ocrx_word' id='word_1_75' title='bbox 674 1397 882 1481; x_wconf 81' lang='lat' dir='ltr'><strong>mordicus</strong></span> <span class='ocrx_word' id='word_1_76' title='bbox 912 1417 1056 1484; x_wconf 87' lang='lat' dir='ltr'><strong>tenere</strong></span> <span class='ocrx_word' id='word_1_77' title='bbox 1085 1400 1333 1494; x_wconf 83' lang='lat' dir='ltr'><strong>videamus,</strong></span> <span class='ocrx_word' id='word_1_78' title='bbox 1373 1419 1469 1484; x_wconf 86' lang='lat' dir='ltr'><strong>tuni·</strong></span> 
     </span>
     <span class='ocr_line' id='line_1_11' title="bbox 179 1501 1468 1619; baseline -0.002 -29"><span class='ocrx_word' id='word_1_79' title='bbox 179 1507 431 1619; x_wconf 78' lang='lat' dir='ltr'><strong>potissmium</strong></span> <span class='ocrx_word' id='word_1_80' title='bbox 459 1537 511 1592; x_wconf 90' lang='lat' dir='ltr'><strong>ne</strong></span> <span class='ocrx_word' id='word_1_81' title='bbox 537 1534 681 1596; x_wconf 86' lang='lat' dir='ltr'><strong>mirica</strong></span> <span class='ocrx_word' id='word_1_82' title='bbox 709 1538 757 1592; x_wconf 89' lang='lat' dir='ltr'><strong>ac</strong></span> <span class='ocrx_word' id='word_1_83' title='bbox 785 1506 942 1596; x_wconf 89' lang='lat' dir='ltr'><strong>infirma</strong></span> <span class='ocrx_word' id='word_1_84' title='bbox 983 1501 1340 1596; x_wconf 88' lang='lat' dir='ltr'><strong>Tourriefortiana</strong></span> <span class='ocrx_word' id='word_1_85' title='bbox 1379 1536 1468 1594; x_wconf 78' lang='lat' dir='ltr'><strong>me..</strong></span> 
     </span>
     <span class='ocr_line' id='line_1_12' title="bbox 180 1615 1467 1740; baseline 0.001 -39"><span class='ocrx_word' id='word_1_86' title='bbox 180 1615 357 1740; x_wconf 84' lang='lat' dir='ltr'><strong>rhodus,</strong></span> <span class='ocrx_word' id='word_1_87' title='bbox 385 1622 464 1706; x_wconf 89' lang='lat' dir='ltr'><strong>hac</strong></span> <span class='ocrx_word' id='word_1_88' title='bbox 493 1639 636 1732; x_wconf 79' lang='lat' dir='ltr'><strong>parte,</strong></span> <span class='ocrx_word' id='word_1_89' title='bbox 699 1647 760 1708; x_wconf 86' lang='lat' dir='ltr'><strong>uae</strong></span> <span class='ocrx_word' id='word_1_90' title='bbox 787 1619 940 1733; x_wconf 89' lang='lat' dir='ltr'><strong>prima,</strong></span> <span class='ocrx_word' id='word_1_91' title='bbox 974 1623 1223 1736; x_wconf 85' lang='lat' dir='ltr'><strong>praecipua,</strong></span> <span class='ocrx_word' id='word_1_92' title='bbox 1253 1621 1301 1708; x_wconf 79' lang='lat' dir='ltr'><strong>dt</strong></span> <span class='ocrx_word' id='word_1_93' title='bbox 1329 1619 1467 1706; x_wconf 60' lang='lat' dir='ltr'><strong>neces,</strong></span> 
     </span>
     <span class='ocr_line' id='line_1_13' title="bbox 183 1647 1468 1853; baseline -0.002 -35"><span class='ocrx_word' id='word_1_94' title='bbox 183 1725 282 1818; x_wconf 81' lang='lat' dir='ltr'><strong>saria</strong></span> <span class='ocrx_word' id='word_1_95' title='bbox 307 1729 518 1828; x_wconf 83' lang='lat' dir='ltr'><strong>habetur,</strong></span> <span class='ocrx_word' id='word_1_96' title='bbox 556 1647 784 1828; x_wconf 70' lang='lat' dir='ltr'><strong>subdiibla,</strong></span> <span class='ocrx_word' id='word_1_97' title='bbox 812 1729 1108 1853; x_wconf 82' lang='lat' dir='ltr'><strong>relinquatur,</strong></span> <span class='ocrx_word' id='word_1_98' title='bbox 1150 1731 1309 1852; x_wconf 88' lang='lat' dir='ltr'><strong>aliquid</strong></span> <span class='ocrx_word' id='word_1_99' title='bbox 1345 1733 1468 1846; x_wconf 86' lang='lat' dir='ltr'><strong>super</strong></span> 
     </span>
     <span class='ocr_line' id='line_1_14' title="bbox 179 1835 1469 2039; baseline 0 -113"><span class='ocrx_word' id='word_1_100' title='bbox 179 1839 261 1927; x_wconf 85' lang='lat' dir='ltr'><strong>hac</strong></span> <span class='ocrx_word' id='word_1_101' title='bbox 289 1868 334 1929; x_wconf 87' lang='lat' dir='ltr'><strong>re</strong></span> <span class='ocrx_word' id='word_1_102' title='bbox 364 1871 418 1932; x_wconf 84' lang='lat' dir='ltr'><strong>ex</strong></span> <span class='ocrx_word' id='word_1_103' title='bbox 439 1841 580 1931; x_wconf 86' lang='lat' dir='ltr'><strong>nostra</strong></span> <span class='ocrx_word' id='word_1_104' title='bbox 601 1870 777 1964; x_wconf 87' lang='lat' dir='ltr'><strong>quoque</strong></span> <span class='ocrx_word' id='word_1_105' title='bbox 798 1835 994 1934; x_wconf 83' lang='lat' dir='ltr'><strong>sententia</strong></span> <span class='ocrx_word' id='word_1_106' title='bbox 1018 1841 1305 1962; x_wconf 84' lang='lat' dir='ltr'><strong>proferemus.</strong></span> <span class='ocrx_word' id='word_1_107' title='bbox 1334 1839 1469 2039; x_wconf 60' lang='grc' dir='ltr'><strong>(Ἢά</strong></span> 
     </span>
     <span class='ocr_line' id='line_1_15' title="bbox 181 1951 1473 2073; baseline -0.003 -31"><span class='ocrx_word' id='word_1_108' title='bbox 181 1951 297 2042; x_wconf 86' lang='lat' dir='ltr'><strong>&amp;in</strong></span> <span class='ocrx_word' id='word_1_109' title='bbox 325 1955 415 2073; x_wconf 84' lang='lat' dir='ltr'><strong>ipsis</strong></span> <span class='ocrx_word' id='word_1_110' title='bbox 443 1957 555 2044; x_wconf 87' lang='lat' dir='ltr'><strong>floris</strong></span> <span class='ocrx_word' id='word_1_111' title='bbox 617 1959 770 2048; x_wconf 85' lang='lat' dir='ltr'><strong>artibus</strong></span> <span class='ocrx_word' id='word_1_112' title='bbox 803 1983 887 2071; x_wconf 89' lang='lat' dir='ltr'><strong>pro</strong></span> <span class='ocrx_word' id='word_1_113' title='bbox 912 1985 1006 2048; x_wconf 89' lang='lat' dir='ltr'><strong>niea</strong></span> <span class='ocrx_word' id='word_1_114' title='bbox 1034 1959 1267 2048; x_wconf 86' lang='lat' dir='ltr'><strong>infirmitate</strong></span> <span class='ocrx_word' id='word_1_115' title='bbox 1311 1983 1394 2070; x_wconf 85' lang='lat' dir='ltr'><strong>prae</strong></span> <span class='ocrx_word' id='word_1_116' title='bbox 1430 1983 1473 2038; x_wconf 69' lang='lat' dir='ltr'><strong>a-</strong></span> 
     </span>
     <span class='ocr_line' id='line_1_16' title="bbox 180 1981 1470 2200; baseline 0.002 -50"><span class='ocrx_word' id='word_1_117' title='bbox 180 2090 227 2154; x_wconf 90' lang='lat' dir='ltr'><strong>re</strong></span> <span class='ocrx_word' id='word_1_118' title='bbox 256 2071 447 2158; x_wconf 89' lang='lat' dir='ltr'><strong>conabor</strong></span> <span class='ocrx_word' id='word_1_119' title='bbox 466 2130 480 2169; x_wconf 90' lang='lat'><strong>,</strong></span> <span class='ocrx_word' id='word_1_120' title='bbox 501 1981 615 2158; x_wconf 81' lang='lat' dir='ltr'><strong>nihii</strong></span> <span class='ocrx_word' id='word_1_121' title='bbox 632 2071 763 2197; x_wconf 83' lang='lat' dir='ltr'><strong>magis</strong></span> <span class='ocrx_word' id='word_1_122' title='bbox 792 2089 975 2156; x_wconf 87' lang='lat' dir='ltr'><strong>metuens</strong></span> <span class='ocrx_word' id='word_1_123' title='bbox 1004 2097 1131 2200; x_wconf 89' lang='lat' dir='ltr'><strong>quani</strong></span> <span class='ocrx_word' id='word_1_124' title='bbox 1155 2091 1200 2160; x_wconf 88' lang='lat' dir='ltr'><strong>ut</strong></span> <span class='ocrx_word' id='word_1_125' title='bbox 1226 2069 1289 2153; x_wconf 90' lang='lat' dir='ltr'><strong>rei</strong></span> <span class='ocrx_word' id='word_1_126' title='bbox 1309 2065 1377 2157; x_wconf 85' lang='lat' dir='ltr'><strong>vel</strong></span> <span class='ocrx_word' id='word_1_127' title='bbox 1398 2060 1470 2152; x_wconf 85' lang='lat' dir='ltr'><strong>fal-</strong></span> 
     </span>
     <span class='ocr_line' id='line_1_17' title="bbox 184 2176 1473 2288; baseline -0.005 -20"><span class='ocrx_word' id='word_1_128' title='bbox 184 2176 260 2276; x_wconf 84' lang='lat' dir='ltr'><strong>sae,</strong></span> <span class='ocrx_word' id='word_1_129' title='bbox 288 2183 356 2274; x_wconf 90' lang='lat' dir='ltr'><strong>vel</strong></span> <span class='ocrx_word' id='word_1_130' title='bbox 382 2182 516 2270; x_wconf 81' lang='lat' dir='ltr'><strong>minus</strong></span> <span class='ocrx_word' id='word_1_131' title='bbox 545 2181 751 2274; x_wconf 77' lang='lat' dir='ltr'><strong>verisimili</strong></span> <span class='ocrx_word' id='word_1_132' title='bbox 779 2177 955 2270; x_wconf 76' lang='lat' dir='ltr'><strong>assentiri</strong></span> <span class='ocrx_word' id='word_1_133' title='bbox 984 2180 1148 2278; x_wconf 83' lang='lat' dir='ltr'><strong>videar,</strong></span> <span class='ocrx_word' id='word_1_134' title='bbox 1178 2183 1295 2288; x_wconf 85' lang='lat' dir='ltr'><strong>cujus</strong></span> <span class='ocrx_word' id='word_1_135' title='bbox 1336 2203 1473 2270; x_wconf 75' lang='lat' dir='ltr'><strong>exem-</strong></span> 
     </span>
     <span class='ocr_line' id='line_1_18' title="bbox 189 2287 1477 2414; baseline 0.001 -42"><span class='ocrx_word' id='word_1_136' title='bbox 189 2287 263 2407; x_wconf 91' lang='lat' dir='ltr'><strong>plo</strong></span> <span class='ocrx_word' id='word_1_137' title='bbox 293 2292 441 2414; x_wconf 81' lang='lat' dir='ltr'><strong>aliquis</strong></span> <span class='ocrx_word' id='word_1_138' title='bbox 471 2297 514 2382; x_wconf 89' lang='lat' dir='ltr'><strong>in</strong></span> <span class='ocrx_word' id='word_1_139' title='bbox 544 2323 732 2384; x_wconf 89' lang='lat' dir='ltr'><strong>errorem</strong></span> <span class='ocrx_word' id='word_1_140' title='bbox 759 2291 905 2384; x_wconf 83' lang='lat' dir='ltr'><strong>adduci</strong></span> <span class='ocrx_word' id='word_1_141' title='bbox 936 2297 1091 2408; x_wconf 84' lang='lat' dir='ltr'><strong>posfit.</strong></span> <span class='ocrx_word' id='word_1_142' title='bbox 1132 2296 1232 2379; x_wconf 70' lang='lat' dir='ltr'><strong>Hac</strong></span> <span class='ocrx_word' id='word_1_143' title='bbox 1261 2311 1401 2376; x_wconf 86' lang='lat' dir='ltr'><strong>autem</strong></span> <span class='ocrx_word' id='word_1_144' title='bbox 1428 2318 1477 2374; x_wconf 76' lang='lat' dir='ltr'><strong>o-</strong></span> 
     </span>
     <span class='ocr_line' id='line_1_19' title="bbox 188 2399 1471 2521; baseline -0.001 -34"><span class='ocrx_word' id='word_1_145' title='bbox 188 2409 302 2511; x_wconf 82' lang='lat' dir='ltr'><strong>mnia</strong></span> <span class='ocrx_word' id='word_1_146' title='bbox 330 2439 354 2496; x_wconf 89' lang='lat' dir='ltr'><strong>a</strong></span> <span class='ocrx_word' id='word_1_147' title='bbox 380 2408 595 2521; x_wconf 88' lang='lat' dir='ltr'><strong>principio</strong></span> <span class='ocrx_word' id='word_1_148' title='bbox 623 2403 908 2520; x_wconf 79' lang='lat' dir='ltr'><strong>praenarranda</strong></span> <span class='ocrx_word' id='word_1_149' title='bbox 936 2403 1077 2504; x_wconf 83' lang='lat' dir='ltr'><strong>duxi,</strong></span> <span class='ocrx_word' id='word_1_150' title='bbox 1104 2432 1168 2492; x_wconf 84' lang='lat' dir='ltr'><strong>ne</strong></span> <span class='ocrx_word' id='word_1_151' title='bbox 1197 2399 1302 2486; x_wconf 88' lang='lat' dir='ltr'><strong>milii</strong></span> <span class='ocrx_word' id='word_1_152' title='bbox 1338 2402 1471 2500; x_wconf 87' lang='lat' dir='ltr'><strong>vitio,</strong></span> 
     </span>
     <span class='ocr_line' id='line_1_20' title="bbox 190 2511 1480 2636; baseline -0.002 -33"><span class='ocrx_word' id='word_1_153' title='bbox 190 2515 376 2636; x_wconf 84' lang='lat' dir='ltr'><strong>culpaeve</strong></span> <span class='ocrx_word' id='word_1_154' title='bbox 403 2516 603 2618; x_wconf 83' lang='lat' dir='ltr'><strong>daretur,</strong></span> <span class='ocrx_word' id='word_1_155' title='bbox 638 2517 794 2636; x_wconf 89' lang='lat' dir='ltr'><strong>quod,</strong></span> <span class='ocrx_word' id='word_1_156' title='bbox 821 2512 972 2606; x_wconf 68' lang='lat' dir='ltr'><strong>reliliis</strong></span> <span class='ocrx_word' id='word_1_157' title='bbox 1001 2512 1295 2606; x_wconf 88' lang='lat' dir='ltr'><strong>Tournefortii</strong></span> <span class='ocrx_word' id='word_1_158' title='bbox 1321 2511 1480 2600; x_wconf 78' lang='lat' dir='ltr'><strong>senten-</strong></span> 
     </span>
     <span class='ocr_line' id='line_1_21' title="bbox 189 2625 1479 2752; baseline -0.014 -25"><span class='ocrx_word' id='word_1_159' title='bbox 189 2629 282 2730; x_wconf 79' lang='lat' dir='ltr'><strong>tiis,</strong></span> <span class='ocrx_word' id='word_1_160' title='bbox 311 2631 364 2722; x_wconf 84' lang='lat' dir='ltr'><strong>ad</strong></span> <span class='ocrx_word' id='word_1_161' title='bbox 388 2657 649 2752; x_wconf 75' lang='lat' dir='ltr'><strong>quecunque</strong></span> <span class='ocrx_word' id='word_1_162' title='bbox 672 2629 774 2728; x_wconf 82' lang='lat' dir='ltr'><strong>alia,</strong></span> <span class='ocrx_word' id='word_1_163' title='bbox 801 2653 847 2720; x_wconf 93' lang='lat' dir='ltr'><strong>ut</strong></span> <span class='ocrx_word' id='word_1_164' title='bbox 871 2625 1370 2745; x_wconf 83' lang='lat' dir='ltr'><strong>proposituminstitutum</strong></span> <span class='ocrx_word' id='word_1_165' title='bbox 1395 2653 1479 2744; x_wconf 89' lang='lat' dir='ltr'><strong>pro</strong></span> 
     </span>
     <span class='ocr_line' id='line_1_22' title="bbox 188 2735 1485 2862; baseline -0.007 -33"><span class='ocrx_word' id='word_1_166' title='bbox 188 2767 285 2830; x_wconf 77' lang='lat' dir='ltr'><strong>inea</strong></span> <span class='ocrx_word' id='word_1_167' title='bbox 320 2747 606 2836; x_wconf 85' lang='lat' dir='ltr'><strong>mediocritate</strong></span> <span class='ocrx_word' id='word_1_168' title='bbox 646 2771 913 2862; x_wconf 75' lang='lat' dir='ltr'><strong>exequerer,</strong></span> <span class='ocrx_word' id='word_1_169' title='bbox 952 2771 1018 2826; x_wconf 89' lang='lat' dir='ltr'><strong>ine</strong></span> <span class='ocrx_word' id='word_1_170' title='bbox 1047 2738 1365 2830; x_wconf 85' lang='lat' dir='ltr'><strong>converterim.</strong></span> <span class='ocrx_word' id='word_1_171' title='bbox 1403 2735 1485 2822; x_wconf 86' lang='lat' dir='ltr'><strong>Sed</strong></span> 
     </span>
     <span class='ocr_line' id='line_1_23' title="bbox 191 2849 1488 3044; baseline -0.015 -100"><span class='ocrx_word' id='word_1_172' title='bbox 191 2861 277 2966; x_wconf 75' lang='lat' dir='ltr'><strong>jam</strong></span> <span class='ocrx_word' id='word_1_173' title='bbox 308 2859 471 2950; x_wconf 88' lang='lat' dir='ltr'><strong>initium</strong></span> <span class='ocrx_word' id='word_1_174' title='bbox 498 2855 691 2944; x_wconf 83' lang='lat' dir='ltr'><strong>faciamus</strong></span> <span class='ocrx_word' id='word_1_175' title='bbox 723 2885 749 2938; x_wconf 81' lang='lat' dir='ltr'><strong>a</strong></span> <span class='ocrx_word' id='word_1_176' title='bbox 776 2853 888 2936; x_wconf 86' lang='lat' dir='ltr'><strong>floris</strong></span> <span class='ocrx_word' id='word_1_177' title='bbox 918 2849 1195 2948; x_wconf 87' lang='lat' dir='ltr'><strong>definitione,</strong></span> <span class='ocrx_word' id='word_1_178' title='bbox 1241 2875 1368 3044; x_wconf 37' lang='lat' dir='ltr'><strong>auam</strong></span> <span class='ocrx_word' id='word_1_179' title='bbox 1396 2853 1488 2930; x_wconf 55' lang='lat' dir='ltr'><strong>Tor</strong></span> 
     </span>
     <span class='ocr_line' id='line_1_24' title="bbox 196 2959 1487 3084; baseline -0.007 -28"><span class='ocrx_word' id='word_1_180' title='bbox 196 2965 447 3070; x_wconf 85' lang='lat' dir='ltr'><strong>urnefortius</strong></span> <span class='ocrx_word' id='word_1_181' title='bbox 475 2969 519 3054; x_wconf 92' lang='lat' dir='ltr'><strong>in</strong></span> <span class='ocrx_word' id='word_1_182' title='bbox 546 2968 690 3084; x_wconf 77' lang='lat' dir='ltr'><strong>isagoge</strong></span> <span class='ocrx_word' id='word_1_183' title='bbox 711 2967 791 3078; x_wconf 78' lang='lat' dir='ltr'><strong>inst.</strong></span> <span class='ocrx_word' id='word_1_184' title='bbox 819 2965 870 3050; x_wconf 88' lang='lat' dir='ltr'><strong>R.</strong></span> <span class='ocrx_word' id='word_1_185' title='bbox 892 2961 1006 3051; x_wconf 83' lang='lat' dir='ltr'><strong>Herb.</strong></span> <span class='ocrx_word' id='word_1_186' title='bbox 1034 2959 1087 3050; x_wconf 83' lang='lat' dir='ltr'><strong>ad</strong></span> <span class='ocrx_word' id='word_1_187' title='bbox 1108 2962 1218 3050; x_wconf 88' lang='lat' dir='ltr'><strong>hanc</strong></span> <span class='ocrx_word' id='word_1_188' title='bbox 1263 2959 1487 3050; x_wconf 85' lang='lat' dir='ltr'><strong>tntentiani</strong></span> 
     </span>
     <span class='ocr_line' id='line_1_25' title="bbox 196 3083 834 3181; baseline -0.011 -12"><span class='ocrx_word' id='word_1_189' title='bbox 196 3083 397 3181; x_wconf 80' lang='lat' dir='ltr'><strong>tradidit,</strong></span> <span class='ocrx_word' id='word_1_190' title='bbox 427 3083 715 3172; x_wconf 83' lang='lat' dir='ltr'><strong>exordientes.</strong></span> <span class='ocrx_word' id='word_1_191' title='bbox 818 3093 834 3162; x_wconf 79' lang='grc'><strong>.’</strong></span> 
     </span>
    </p>

    <p class='ocr_par' dir='ltr' id='par_1_5' title="bbox 202 3191 1498 4222">
     <span class='ocr_line' id='line_1_26' title="bbox 258 3191 1477 3390; baseline -0.009 -105"><span class='ocrx_word' id='word_1_192' title='bbox 258 3205 345 3286; x_wconf 78' lang='lat' dir='ltr'><strong>Flos</strong></span> <span class='ocrx_word' id='word_1_193' title='bbox 374 3199 582 3314; x_wconf 76' lang='lat' dir='ltr'><strong>estplrm</strong></span> <span class='ocrx_word' id='word_1_194' title='bbox 605 3221 696 3314; x_wconf 77' lang='lat' dir='ltr'><strong>pars</strong></span> <span class='ocrx_word' id='word_1_195' title='bbox 722 3193 902 3279; x_wconf 82' lang='lat' dir='ltr'><strong>coloribus</strong></span> <span class='ocrx_word' id='word_1_196' title='bbox 924 3199 1092 3390; x_wconf 55' lang='lat' dir='ltr'><strong>Zroprir&#39;r</strong></span> <span class='ocrx_word' id='word_1_197' title='bbox 1113 3191 1273 3306; x_wconf 81' lang='lat' dir='ltr'><strong>perfiipe</strong></span> <span class='ocrx_word' id='word_1_198' title='bbox 1304 3191 1477 3304; x_wconf 82' lang='lat' dir='ltr'><strong>instgm‘s,</strong></span> 
     </span>
     <span class='ocr_line' id='line_1_27' title="bbox 203 3306 1481 3430; baseline -0.016 -29"><span class='ocrx_word' id='word_1_199' title='bbox 203 3315 417 3430; x_wconf 69' lang='lat' dir='ltr'><strong>{redirique</strong></span> <span class='ocrx_word' id='word_1_200' title='bbox 445 3311 613 3423; x_wconf 78' lang='lat' dir='ltr'><strong>nascenti</strong></span> <span class='ocrx_word' id='word_1_201' title='bbox 635 3313 843 3427; x_wconf 76' lang='lat' dir='ltr'><strong>plerunque</strong></span> <span class='ocrx_word' id='word_1_202' title='bbox 872 3313 924 3394; x_wconf 83' lang='lat' dir='ltr'><strong>ad</strong></span> <span class='ocrx_word' id='word_1_203' title='bbox 951 3339 1096 3400; x_wconf 75' lang='lat' dir='ltr'><strong>erens,</strong></span> <span class='ocrx_word' id='word_1_204' title='bbox 1124 3314 1187 3385; x_wconf 81' lang='lat' dir='ltr'><strong>cm·</strong></span> <span class='ocrx_word' id='word_1_205' title='bbox 1209 3313 1377 3418; x_wconf 83' lang='lat' dir='ltr'><strong>primum</strong></span> <span class='ocrx_word' id='word_1_206' title='bbox 1405 3306 1481 3383; x_wconf 74' lang='lat' dir='ltr'><strong>eli-</strong></span> 
     </span>
     <span class='ocr_line' id='line_1_28' title="bbox 206 3417 1484 3537; baseline -0.019 -21"><span class='ocrx_word' id='word_1_207' title='bbox 206 3451 375 3517; x_wconf 79' lang='lat' dir='ltr'><strong>mentum</strong></span> <span class='ocrx_word' id='word_1_208' title='bbox 401 3424 452 3508; x_wconf 82' lang='lat' dir='ltr'><strong>arl</strong></span> <span class='ocrx_word' id='word_1_209' title='bbox 480 3433 709 3511; x_wconf 82' lang='lat' dir='ltr'><strong>tenerrimas</strong></span> <span class='ocrx_word' id='word_1_210' title='bbox 738 3433 819 3533; x_wconf 70' lang='lat' dir='ltr'><strong>ejus</strong></span> <span class='ocrx_word' id='word_1_211' title='bbox 840 3447 969 3537; x_wconf 80' lang='lat' dir='ltr'><strong>partes</strong></span> <span class='ocrx_word' id='word_1_212' title='bbox 998 3418 1239 3530; x_wconf 78' lang='lat' dir='ltr'><strong>explicandas</strong></span> <span class='ocrx_word' id='word_1_213' title='bbox 1267 3417 1484 3525; x_wconf 75' lang='lat' dir='ltr'><strong>ministrare</strong></span> 
     </span>
     <span class='ocr_line' id='line_1_29' title="bbox 202 3515 1493 3647; baseline -0.02 -17"><span class='ocrx_word' id='word_1_214' title='bbox 202 3545 401 3630; x_wconf 78' lang='lat' dir='ltr'><strong>viderur.</strong></span> <span class='ocrx_word' id='word_1_215' title='bbox 441 3537 560 3624; x_wconf 86' lang='lat' dir='ltr'><strong>Hanc</strong></span> <span class='ocrx_word' id='word_1_216' title='bbox 587 3534 873 3626; x_wconf 88' lang='lat' dir='ltr'><strong>definitionem</strong></span> <span class='ocrx_word' id='word_1_217' title='bbox 902 3532 1078 3647; x_wconf 89' lang='lat' dir='ltr'><strong>primum</strong></span> <span class='ocrx_word' id='word_1_218' title='bbox 1106 3523 1333 3636; x_wconf 82' lang='lat' dir='ltr'><strong>improbari</strong></span> <span class='ocrx_word' id='word_1_219' title='bbox 1377 3515 1493 3640; x_wconf 84' lang='lat' dir='ltr'><strong>posse</strong></span> 
     </span>
     <span class='ocr_line' id='line_1_30' title="bbox 207 3635 1497 3768; baseline -0.016 -29"><span class='ocrx_word' id='word_1_220' title='bbox 207 3654 355 3755; x_wconf 88' lang='lat' dir='ltr'><strong>video,</strong></span> <span class='ocrx_word' id='word_1_221' title='bbox 389 3651 588 3768; x_wconf 85' lang='lat' dir='ltr'><strong>quoniam</strong></span> <span class='ocrx_word' id='word_1_222' title='bbox 616 3647 916 3766; x_wconf 84' lang='lat' dir='ltr'><strong>angustioribus</strong></span> <span class='ocrx_word' id='word_1_223' title='bbox 946 3642 1078 3754; x_wconf 89' lang='lat' dir='ltr'><strong>spatiis</strong></span> <span class='ocrx_word' id='word_1_224' title='bbox 1099 3635 1391 3726; x_wconf 89' lang='lat' dir='ltr'><strong>circumscribit</strong></span> <span class='ocrx_word' id='word_1_225' title='bbox 1419 3638 1497 3720; x_wconf 90' lang='lat' dir='ltr'><strong>flo-</strong></span> 
     </span>
     <span class='ocr_line' id='line_1_31' title="bbox 210 3747 1494 3880; baseline -0.017 -24"><span class='ocrx_word' id='word_1_226' title='bbox 210 3769 266 3856; x_wconf 86' lang='lat' dir='ltr'><strong>ris</strong></span> <span class='ocrx_word' id='word_1_227' title='bbox 296 3785 506 3860; x_wconf 80' lang='lat' dir='ltr'><strong>naturam,</strong></span> <span class='ocrx_word' id='word_1_228' title='bbox 534 3787 668 3880; x_wconf 89' lang='lat' dir='ltr'><strong>neque</strong></span> <span class='ocrx_word' id='word_1_229' title='bbox 697 3789 786 3848; x_wconf 86' lang='lat' dir='ltr'><strong>eain</strong></span> <span class='ocrx_word' id='word_1_230' title='bbox 814 3759 941 3846; x_wconf 89' lang='lat' dir='ltr'><strong>libere</strong></span> <span class='ocrx_word' id='word_1_231' title='bbox 971 3782 1044 3870; x_wconf 88' lang='lat' dir='ltr'><strong>per</strong></span> <span class='ocrx_word' id='word_1_232' title='bbox 1065 3777 1206 3838; x_wconf 89' lang='lat' dir='ltr'><strong>omncs</strong></span> <span class='ocrx_word' id='word_1_233' title='bbox 1236 3747 1387 3864; x_wconf 85' lang='lat' dir='ltr'><strong>species</strong></span> <span class='ocrx_word' id='word_1_234' title='bbox 1421 3773 1494 3834; x_wconf 82' lang='lat' dir='ltr'><strong>eir·-</strong></span> 
     </span>
     <span class='ocr_line' id='line_1_32' title="bbox 214 3865 1498 3988; baseline -0.016 -18"><span class='ocrx_word' id='word_1_235' title='bbox 214 3906 382 3984; x_wconf 81' lang='lat' dir='ltr'><strong>currere</strong></span> <span class='ocrx_word' id='word_1_236' title='bbox 409 3874 532 3964; x_wconf 89' lang='lat' dir='ltr'><strong>sinit.</strong></span> <span class='ocrx_word' id='word_1_237' title='bbox 571 3880 693 3982; x_wconf 90' lang='lat' dir='ltr'><strong>Quot</strong></span> <span class='ocrx_word' id='word_1_238' title='bbox 721 3873 830 3960; x_wconf 88' lang='lat' dir='ltr'><strong>enim</strong></span> <span class='ocrx_word' id='word_1_239' title='bbox 858 3873 1006 3988; x_wconf 83' lang='lat' dir='ltr'><strong>plantae</strong></span> <span class='ocrx_word' id='word_1_240' title='bbox 1041 3867 1309 3979; x_wconf 88' lang='lat' dir='ltr'><strong>reperiuntur</strong></span> <span class='ocrx_word' id='word_1_241' title='bbox 1345 3865 1498 3950; x_wconf 83' lang='lat' dir='ltr'><strong>florem</strong></span> 
     </span>
     <span class='ocr_line' id='line_1_33' title="bbox 214 3977 1498 4103; baseline -0.023 -16"><span class='ocrx_word' id='word_1_242' title='bbox 214 3992 332 4086; x_wconf 72' lang='lat' dir='ltr'><strong>irullo</strong></span> <span class='ocrx_word' id='word_1_243' title='bbox 361 3987 508 4084; x_wconf 91' lang='lat' dir='ltr'><strong>colore</strong></span> <span class='ocrx_word' id='word_1_244' title='bbox 537 3985 730 4103; x_wconf 82' lang='lat' dir='ltr'><strong>insignem</strong></span> <span class='ocrx_word' id='word_1_245' title='bbox 756 3981 933 4073; x_wconf 87' lang='lat' dir='ltr'><strong>ferentes</strong></span> <span class='ocrx_word' id='word_1_246' title='bbox 958 3997 971 4070; x_wconf 73' lang='grc' dir='ltr'><em>Ξ</em></span> <span class='ocrx_word' id='word_1_247' title='bbox 1000 3979 1219 4066; x_wconf 78' lang='lat' dir='ltr'><strong>Helleborus</strong></span> <span class='ocrx_word' id='word_1_248' title='bbox 1245 3990 1382 4094; x_wconf 79' lang='lat' dir='ltr'><strong>niger,</strong></span> <span class='ocrx_word' id='word_1_249' title='bbox 1411 3977 1498 4060; x_wconf 71' lang='lat' dir='ltr'><strong>hor..</strong></span> 
     </span>
     <span class='ocr_line' id='line_1_34' title="bbox 217 4097 1498 4222; baseline -0.023 -22"><span class='ocrx_word' id='word_1_250' title='bbox 217 4136 346 4206; x_wconf 79' lang='lat' dir='ltr'><strong>tenir,</strong></span> <span class='ocrx_word' id='word_1_251' title='bbox 364 4107 461 4222; x_wconf 73' lang='lat' dir='ltr'><strong>flore</strong></span> <span class='ocrx_word' id='word_1_252' title='bbox 490 4105 622 4190; x_wconf 81' lang='lat' dir='ltr'><strong>viridi</strong></span> <span class='ocrx_word' id='word_1_253' title='bbox 649 4100 696 4182; x_wconf 87' lang='lat' dir='ltr'><strong>C.</strong></span> <span class='ocrx_word' id='word_1_254' title='bbox 723 4103 765 4183; x_wconf 85' lang='lat' dir='ltr'><strong>B.</strong></span> <span class='ocrx_word' id='word_1_255' title='bbox 792 4109 873 4187; x_wconf 84' lang='lat' dir='ltr'><strong>Pin.</strong></span> <span class='ocrx_word' id='word_1_256' title='bbox 909 4097 958 4184; x_wconf 90' lang='lat'><strong>18</strong></span> <span class='ocrx_word' id='word_1_257' title='bbox 960 4131 998 4208; x_wconf 88' lang='lat'><strong>5.</strong></span> <span class='ocrx_word' id='word_1_258' title='bbox 1020 4158 1032 4193; x_wconf 92' lang='lat'><strong>,</strong></span> <span class='ocrx_word' id='word_1_259' title='bbox 1061 4109 1181 4178; x_wconf 83' lang='lat' dir='ltr'><strong>Arum</strong></span> <span class='ocrx_word' id='word_1_260' title='bbox 1207 4097 1398 4217; x_wconf 80' lang='lat' dir='ltr'><strong>vulgare,</strong></span> <span class='ocrx_word' id='word_1_261' title='bbox 1426 4116 1498 4171; x_wconf 76' lang='lat' dir='ltr'><strong>non</strong></span> 
     </span>
    </p>

    <p class='ocr_par' dir='ltr' id='par_1_6' title="bbox 221 4206 1507 4552">
     <span class='ocr_line' id='line_1_35' title="bbox 221 4206 1504 4332; baseline -0.018 -27"><span class='ocrx_word' id='word_1_262' title='bbox 221 4225 449 4327; x_wconf 55' lang='lat' dir='ltr'><strong>maculatum</strong></span> <span class='ocrx_word' id='word_1_263' title='bbox 475 4220 523 4306; x_wconf 85' lang='lat' dir='ltr'><strong>C.</strong></span> <span class='ocrx_word' id='word_1_264' title='bbox 550 4219 593 4302; x_wconf 79' lang='lat' dir='ltr'><strong>B.</strong></span> <span class='ocrx_word' id='word_1_265' title='bbox 621 4221 713 4300; x_wconf 83' lang='lat' dir='ltr'><strong>Pin.</strong></span> <span class='ocrx_word' id='word_1_266' title='bbox 744 4239 793 4315; x_wconf 89' lang='lat'><strong>19</strong></span> <span class='ocrx_word' id='word_1_267' title='bbox 794 4247 853 4322; x_wconf 64' lang='lat'><strong>5„</strong></span> <span class='ocrx_word' id='word_1_268' title='bbox 882 4213 938 4299; x_wconf 89' lang='lat' dir='ltr'><strong>ita</strong></span> <span class='ocrx_word' id='word_1_269' title='bbox 960 4227 1155 4332; x_wconf 28' lang='lat' dir='ltr'><strong>cognatae,</strong></span> <span class='ocrx_word' id='word_1_270' title='bbox 1173 4206 1349 4319; x_wconf 84' lang='lat' dir='ltr'><strong>species,</strong></span> <span class='ocrx_word' id='word_1_271' title='bbox 1378 4220 1504 4293; x_wconf 73' lang='lat' dir='ltr'><strong>futur,</strong></span> 
     </span>
     <span class='ocr_line' id='line_1_36' title="bbox 225 4315 1507 4452; baseline -0.003 -26"><span class='ocrx_word' id='word_1_272' title='bbox 225 4339 307 4452; x_wconf 75' lang='lat' dir='ltr'><strong>[rire</strong></span> <span class='ocrx_word' id='word_1_273' title='bbox 341 4339 445 4450; x_wconf 74' lang='lat' dir='ltr'><strong>Algi.</strong></span> <span class='ocrx_word' id='word_1_274' title='bbox 465 4334 668 4449; x_wconf 72' lang='lat' dir='ltr'><strong>latifolia,</strong></span> <span class='ocrx_word' id='word_1_275' title='bbox 705 4357 858 4448; x_wconf 69' lang='lat' dir='ltr'><strong>ratpot,</strong></span> <span class='ocrx_word' id='word_1_276' title='bbox 896 4331 1051 4418; x_wconf 77' lang='lat' dir='ltr'><strong>dertare</strong></span> <span class='ocrx_word' id='word_1_277' title='bbox 1078 4327 1166 4408; x_wconf 84' lang='lat' dir='ltr'><strong>Rai.</strong></span> <span class='ocrx_word' id='word_1_278' title='bbox 1201 4315 1345 4439; x_wconf 74' lang='lat' dir='ltr'><strong>Sympſs</strong></span> <span class='ocrx_word' id='word_1_279' title='bbox 1384 4329 1507 4422; x_wconf 59' lang='grc' dir='ltr'><strong>ΝΜ.</strong></span> 
     </span>
     <span class='ocr_line' id='line_1_37' title="bbox 602 4453 1454 4552; baseline -0.02 3"><span class='ocrx_word' id='word_1_280' title='bbox 602 4467 605 4476; x_wconf 81' lang='grc'><strong>’</strong></span> <span class='ocrx_word' id='word_1_281' title='bbox 1044 4461 1069 4530; x_wconf 82' lang='lat'><em>²</em></span> <span class='ocrx_word' id='word_1_282' title='bbox 1125 4461 1152 4552; x_wconf 76' lang='grc'><strong>3.</strong></span> <span class='ocrx_word' id='word_1_283' title='bbox 1372 4453 1454 4542; x_wconf 66' lang='lat' dir='ltr'><strong>{tte</strong></span> 
     </span>
    </p>
   </div>
   <div class='ocr_carea' id='block_1_2' title="bbox 0 0 2110 5418">
    <p class='ocr_par' dir='ltr' id='par_1_7' title="bbox 0 0 2110 5418">
     <span class='ocr_line' id='line_1_38' title="bbox 0 0 2110 5418; baseline 0 0"><span class='ocrx_word' id='word_1_284' title='bbox 0 0 2110 5418; x_wconf 95' lang='lat' dir='ltr'><strong> </strong></span> 
     </span>
    </p>
   </div>
  </div>
 </body>
</html>
