4144 5412
643 217 709 296 Μ
859 170 1575 266 rurnoeoura

575 305 739 418 sumpta
767 294 1020 384 inflationem
1043 291 1228 405 pariunt,
1257 289 1303 378 &
1321 316 1479 404 pravos
1497 292 1642 379 succos
1661 293 1865 412 ingerunt.

580 424 727 515 Quare
756 407 920 503 Fabam,
951 405 1018 492 cui
1047 405 1154 488 inter
1180 401 1387 524 legumina
1405 405 1608 492 maximus
1634 403 1775 493 honos
1796 407 1867 494 da-

574 552 644 614 tur
667 589 679 626 ,
701 519 981 645 Pythagorica
1009 513 1208 602 sementia
1225 515 1293 616 ob
1321 515 1431 604 hanc
1452 517 1611 606 causam
1630 517 1866 610 damnatam

576 639 791 726 tradidere
818 625 1034 717 nonnulli..
1056 627 1223 718 Idcirco
1250 629 1415 716 Marcus
1438 627 1594 718 Tullius
1623 631 1670 716 in
1696 630 1805 720 libro
1831 664 1866 718 r.

577 753 656 872 qui
690 755 740 838 de
769 755 1020 836 Divinatione
1047 739 1277 829 inscribitur
1315 737 1404 830 haec
1442 742 1673 858 posteritati
1699 745 1867 832 manda·

575 867 668 954 vlt:
694 863 813 974 ‘jubet
840 869 963 974 r'gitm
989 855 1097 940 Plato
1135 887 1168 938 rc
1194 859 1249 940 ad
1265 848 1438 966 fimum
1453 855 1634 971 profictsti
1658 858 1866 974 torporibus

579 977 722 1098 affertis
747 1038 759 1075 ,
788 1000 833 1059 ut
861 971 965 1056 nihil
979 969 1067 1078 stt,
1097 971 1196 1081 quod
1225 997 1394 1054 errorem
1419 979 1585 1068 trimis,
1610 972 1864 1088 perturbatio-

576 1122 734 1206 nemque
760 1083 931 1205 afferat.
965 1095 1128 1194 Exque
1167 1088 1285 1164 etiam
1324 1077 1577 1196 Pythagoricis
1617 1087 1866 1169 interdicitur

574 1228 753 1326 putatur,
781 1231 828 1284 ne
846 1190 949 1314 frtb'a
975 1191 1243 1303 vescerentur,
1273 1197 1373 1307 quod
1398 1195 1512 1278 habet
1537 1193 1766 1309 inflationem
1787 1227 1866 1280 mr·

576 1347 692 1444 gnam
719 1324 753 1398 is
781 1310 902 1404 cibus,
931 1306 1212 1420 tranquillitati
1239 1316 1377 1393 mentis
1403 1319 1583 1435 querenti
1607 1339 1703 1392 vera
1722 1332 1866 1394 contra-

581 1443 681 1516 riam
709 1491 717 1510 .
754 1429 1030 1540 Quapropter
1060 1413 1269 1534 legumina
1296 1443 1437 1506 omma
1465 1415 1524 1506 ob
1552 1443 1671 1541 aquae
1698 1409 1866 1549 copiari

581 1535 701 1629 facile
729 1533 845 1624 suurn
876 1525 1160 1626 contrahunt,
1198 1523 1248 1612 dt
1275 1525 1480 1644 aptiorem
1507 1555 1590 1644 prae
1619 1555 1783 1619 caeterrs
1811 1531 1869 1618 st-

584 1648 761 1746 minibus
791 1635 1043 1734 animalculis
1072 1633 1308 1728 alimentum
1337 1665 1482 1755 aptum
1510 1637 1727 1756 praebent,
1756 1647 1869 1732 unde

586 1761 842 1879 frequentius
855 1758 908 1845 ab
927 1753 990 1838 his
1005 1749 1284 1848 terebrantur,
1314 1751 1360 1840 dt
1386 1775 1732 1869 corrumpuntur.
1759 1755 1870 1846 Ctun

588 1883 731 1993 itaque
757 1869 963 1992 legumina
993 1858 1203 1990 aquofiori
1232 1861 1405 1975 materia
1432 1865 1622 1958 constent
1648 1867 1770 1954 etlam
1798 1897 1875 1954 ex·

584 1987 753 2084 siccata,
781 2010 923 2071 nonne
935 1979 1086 2066 rationi
1109 1967 1375 2065 consentane‘
1454 1973 1533 2065 ell‘e
1552 1977 1746 2098 sequitur,
1768 1980 1871 2068 dum

589 2096 740 2188 tenella
769 2097 818 2184 dt
845 2091 985 2184 mollia
1011 2090 1122 2188 sunt,
1149 2087 1282 2178 multo
1310 2005 1461 2206 naelldri
1489 2085 1716 2178 humorum
1743 2121 1799 2179 co
1835 2095 1843 2107 '

591 2212 831 2301 abundare?
859 2216 1004 2325 ltaque
1033 2205 1126 2321 quis
1155 2231 1244 2288 non
1271 2202 1407 2302 videt,
1435 2195 1570 2318 srquid
1596 2205 1757 2292 externi
1785 2118 1871 2292 buci

590 2329 653 2423 ci,
684 2324 785 2411 dum
814 2319 962 2409 tenella
990 2319 1099 2410 sunt,
1128 2313 1174 2400 ὃ(
1195 2313 1386 2431 naturalis
1407 2312 1594 2402 humoris
1618 2312 1764 2430 plena,
1791 2318 1872 2405 cir..

590 2465 639 2524 ca
670 2463 719 2519 ea
748 2429 1005 2526 consisteret,
1032 2419 1228 2539 perfacile
1251 2423 1301 2508 iri
1332 2437 1607 2538 corruptum?
1635 2433 1681 2512 In
1691 2426 1766 2514 illis
1794 2457 1867 2518 au.

591 2567 681 2630 tem
709 2541 857 2656 plantis
880 2597 894 2638 2
921 2566 1014 2654 quae
1041 2535 1170 2652 tnagis
1197 2532 1375 2636 salibus,
1414 2521 1714 2654 &sulphureis
1746 2547 1871 2657 parti,-

590 2657 692 2756 bus,
721 2681 847 2768 quam
875 2677 985 2771 aqua
1014 2667 1355 2760 componuntur,
1379 2647 1512 2736 minus
1539 2648 1734 2754 mirabilis
1755 2679 1874 2744 narn·

588 2799 646 2858 rae
673 2765 835 2855 solertia
864 2769 1058 2881 apparet.
1086 2759 1249 2845 Idcirco
1276 2759 1322 2844 'in
1352 2757 1510 2848 labiatis
1538 2763 1737 2863 floribus„
1761 2765 1809 2854 &
1830 2770 1873 2854 in

589 2878 676 2969 aliis
706 2881 831 2968 etiam
860 2877 1010 2965 semina
1038 2870 1149 2961 nuda
1177 2870 1434 2976 nascuntur3
1466 2871 1733 2964 ablivioribus
1760 2883 1874 2967 enim

589 2993 775 3113 partibus
798 2989 1011 3082 constant,
1034 2985 1104 3084 &5
1123 3005 1170 3070 ut
1193 3007 1372 3082 vocant,
1394 2987 1638 3084 volatilibus,
1696 3019 1756 3076 uae
1775 3019 1877 3105 pro.

591 3128 736 3222 pterea
764 3127 787 3186 a
813 3100 985 3192 Medicis
1026 3097 1079 3182 ad
1116 3097 1416 3210 aperiendum,
1459 3013 1789 3210 discutiendum,
1830 3103 1879 3192 dt

592 3212 781 3306 adversus
811 3213 951 3302 omnia
978 3209 1119 3309 mala,
1151 3235 1279 3330 quae,
1308 3205 1551 3298 coeuntibus
1580 3207 1711 3302 succis
1733 3271 1749 3311 ,
1775 3241 1879 3302 con-

592 3333 783 3448 tingunt,
809 3325 1084 3434 adhibenturs
1110 3331 1166 3409 At
1193 3345 1342 3411 contra
1370 3323 1414 3406 in
1439 3316 1638 3410 frublibus
1663 3329 1737 3445 qui
1766 3353 1876 3450 aqut

593 3441 844 3539 abundant,
873 3436 1126 3557 ‚diligentior
1154 3429 1310 3552 semper
1338 3459 1511 3553 apparet
1537 3443 1703 3524 naturae.
1722 3464 1879 3555 operar

593 3553 839 3671 Exemplum
867 3575 922 3638 err
949 3547 1230 3636 cucurbitareis
1255 3543 1402 3666 plantis
1424 3547 1620 3638 habemus
1634 3575 1661 3636 t·
1710 3553 1876 3640 uoniam

595 3665 750 3776 harum
777 3659 929 3752 nuilus
962 3661 1099 3750 multae
1126 3685 1244 3778 aquae
1284 3659 1426 3775 copia.
1446 3653 1584 3753 referti
1628 3573 1878 3762 nascuntun

598 3776 759 3864 idcirco
786 3801 936 3898 preter
964 3770 1185 3860 foecundos
1214 3775 1339 3860 etiam
1366 3771 1490 3859 llores
1522 3767 1673 3861 steriles
1692 3776 1879 3864 attributi

598 3887 723 3988 sunt,
751 3907 799 3977 ut
825 3909 911 3976 tum
941 3885 1141 4000 apicum,
1169 3905 1259 3973 tum
1288 3881 1522 4004 petalorum
1547 3884 1671 3975 succo
1694 3951 1707 3987 ,
1732 3887 1809 4010 qui
1837 3890 1882 3972 in

597 4001 771 4121 geminis
798 3995 970 4088 floribus
1000 3997 1084 4088 subi
1116 4004 1231 4097 itur,
1270 3997 1465 4088 naturalis
1491 3999 1771 4118 embryonum
1806 3997 1884 4088 hu.

601 4138 698 4200 mor
726 4109 1052 4214 immisceretur,
1166 4111 1238 4206 hic
1263 4109 1494 4206 nutriendis
1519 4111 1817 4233 erubryonibus
1843 4141 1887 4196 a·

595 4247 698 4342 ptus
726 4223 947 4344 evaderttr

1700 4293 1822 4433 'cni
1866 4285 1875 4302 '
