4130 5424
654 279 722 378 46
872 251 1585 370 olSSERTATJo

589 383 748 469 caeteris
776 372 911 463 forma
939 373 1129 462 dissimilis
1158 372 1395 462 videatur.
1432 372 1503 459 Ob
1542 367 1713 462 candem
1747 373 1881 463 r'atr'o,

591 523 691 580 nem
719 493 764 577 δέ
794 485 954 578 ctass‘em
981 511 1078 604 quae
1101 485 1211 571 hanc
1232 484 1512 602 subsequitur,
1537 480 1650 570 ssore
1671 509 1791 570 rotato
1812 490 1883 572 in..

589 605 745 692 strubh
777 628 930 687 venera
959 599 1204 694 continens,
1229 622 1365 710 nuper
1392 593 1702 694 constituimus,
1726 598 1781 683 ab
1807 629 1875 686 ea-

591 718 690 804 dem
714 673 1105 802 intiindibuliformis
1128 706 1249 794 floris
1274 707 1390 795 classe
1418 706 1532 826 segre
1563 730 1675 828 antes
1703 709 1880 822 plantas.

592 828 664 915 Ilia
692 852 828 943 porro
854 851 949 910 cum
975 818 1202 938 generibus¹
1223 817 1350 908 floris·
1376 735 1746 934 infundiirrliforroir
1766 822 1882 910 seor·

595 941 680 1029 sum
707 971 730 1026 a
759 935 928 1056 reliquis
956 933 1044 1019 hoc
1072 931 1246 1019 inloto
1273 931 1694 1020 commemorabitur.

652 1053 695 1133 H
721 1052 865 1138 &enus
891 1069 1047 1164 genera
1075 1045 1383 1142 recensuimus,
1453 1075 1514 1134 uae
1541 1049 1590 1132 dr
1608 1046 1880 1136 Tournefon

594 1163 676 1249 tius
708 1165 752 1246 in
779 1160 892 1245 floris
920 1156 1185 1271 monopetaii
1213 1155 1349 1245 ciass'es
1391 1156 1434 1242 di
1490 1159 1633 1247 ibuit:
1670 1183 1782 1248 nunc
1810 1161 1880 1251 illa

596 1271 802 1388 supersunt
829 1271 955 1357 tribus
986 1271 1186 1381 proximis
1207 1267 1388 1358 ciaffibus
1412 1299 1435 1356 a
1456 1272 1575 1360 nobis
1605 1273 1886 1388 comprehem

597 1388 668 1484 sa,
697 1415 789 1504 quae
817 1409 905 1466 non
932 1379 1063 1468 solum
1092 1409 1115 1468 a
1143 1383 1419 1497 monoperalis
1441 1443 1457 1478 ‚,
1492 1383 1559 1470 sed
1587 1386 1712 1474 etiam·
1748 1418 1771 1472 a
1801 1413 1885 1501 po-

597 1499 618 1584 l'
641 1497 784 1612 petalis
814 1495 1044 1609 sejunxerat
1069 1495 1266 1581 duitor.
1291 1496 1382 1580 Nos
1411 1522 1550 1591 vcro,
1589 1527 1688 1585 curn
1723 1497 1880 1586 horum

598 1527 723 1696 iores
762 1607 892 1695 unico
929 1603 1118 1692 constare
1154 1603 1295 1720 petalo
1334 1605 1573 1704 videamus,
1602 1607 1882 1725 monopetatis'

599 1719 836 1832 adjicienda
860 1718 1165 1830 judicavimus.
1191 1714 1326 1803 Flosis
1345 1741 1398 1805 ue
1422 1715 1582 1804 idcirco
1613 1717 1883 1813 infundibuli-

599 1832 747 1919 formis
760 1829 865 1918 ciaffi
885 1830 1033 1919 harum
1053 1826 1288 1945 plantarum
1307 1743 1439 1915 iiass'es
1452 1827 1884 1946 subnestimus·.Qos

600 1945 776 2066 quidem
802 1947 927 2030 flores
953 1969 1043 2026 non
1070 1943 1297 2062 compofitos,
1331 1963 1380 2027 ut
1403 1937 1508 2039 iile,
1548 1939 1618 2026 sed
1658 1946 1896 2056 corgioiotos'

599 2081 839 2162 vocamu53
866 2056 1068 2174 quoniam
1096 2053 1233 2169 plures
1262 2047 1402 2170 caiyce
1452 2054 1664 2137 communi
1691 2081 1792 2138 corn
1823 2079 1885 2140 re..

600 2167 712 2255 hensr
741 2173 785 2250 in
816 2164 1039 2282 capitulum
1068 2165 1322 2283 colliguntur
1344 2162 1612 2251 ,Dividimus
1641 2164 1684 2248 in
1705 2079 1848 2278 fioliiol
1866 2221 1888 2238 -

591 2283 686 2396 som
713 2279 765 2364 δί’
777 2279 1137 2392 semiflosculostomz'
1152 2277 1377 2393 flosculofios
1399 2275 1497 2362 duas
1519 2275 1675 2386 recipit
1699 2274 1885 2363 differen-

603 2395 681 2477 tias
707 2425 726 2487 ς
749 2388 853 2473 ideo
878 2413 958 2471 nos
983 2390 1159 2488 alterum
1174 2387 1422 2500 floscolostom·
1443 2397 1599 2504 proprie
1624 2391 1765 2472 dirim
1788 2449 1806 2484 ,
1829 2388 1888 2473 al-

602 2523 735 2586 terum
774 2504 1007 2612 lingularum
1039 2495 1247 2612 appellare
1283 2496 1504 2585 solemus,
1542 2505 1700 2584 Genera
1741 2499 1891 2613 itaque

595 2613 717 2727 floris
732 2611 927 2724 floscrlrst
946 2613 1130 2722 lingulati
1156 2613 1300 2724 primae
1324 2607 1604 2697 attribuuntur
1632 2606 1773 2706 classi,
1850 2641 1887 2694 o·

594 2723 729 2836 sculost
748 2732 897 2840 proprie
926 2726 1050 2816 dioro,
1076 2719 1219 2810 alteri.
1243 2719 1385 2807 Restat
1411 2725 1488 2807 flos
1519 2754 1557 2805 co
1607 2722 1750 2808 loioros
1770 2614 1895 2834 Arioi*

599 2835 850 2950 flosculofirr,
880 2841 1000 2943 cujus·
1027 2833 1136 2921 nulla
1165 2829 1379 2948 peculiaris
1408 2835 1472 2921 est'
1495 2755 1620 2919 claiiis
1653 2897 1669 2932 ,·
1710 2862 1802 2924 cum
1827 2831 1892 2948 ¹so'-

605 2947 665 3034 ius
709 2943 811 3033 nulli
850 2943 1003 3056 plantae
1039 2946 1296 3056 innascatur,
1340 2943 1411 3032 sed.
1451 2943 1607 3058 semper
1635 2942 1889 3033 flosculosum

639 3059 781 3170 roprie
809 3051 967 3142 dietum
995 3079 1201 3142 coronet.
1245 3059 1470 3170 Propterea·
1496 3081 1588 3143 urer
1623 3085 1680 3144 ue
1702 3055 1785 3144 flos
1817 3057 1892 3144 nri-

607 3085 661 3252 bi
687 3163 847 3252 class'em
874 3163 1100 3257 constituet
1125 3171 1315 3266 tertiam,
1337 3170 1387 3253 &
1413 3171 1568 3286 ordine
1591 3081 1893 3284 auodecimam,

612 3285 737 3393 'cujus
763 3277 902 3366 titulus
926 3320 941 3361 r
964 3287 1014 3365 de
1029 3281 1202 3396 floribus
1228 3283 1457 3398 conglobatis
1475 3295 1521 3402 ,in
1548 3288 1702 3368 rodoara
1726 3285 1895 3398 capitulo

640 3427 655 3476 i
679 3425 699 3476 C
729 3428 785 3477 iso

609 3395 761 3593 dgHch
788 3497 918 3590 ferme
956 3503 1104 3592 ordine
1132 3501 1262 3595 florisv
1293 3504 1562 3623 monopetali
1590 3517 1748 3628 genera
1772 3523 1901 3703 expe-

610 3615 756 3715 diam,
786 3643 970 3732 quorum
996 3621 1161 3746 ratione
1190 3645 1276 3744 pro'
1299 3616 1441 3707 nostra
1464 3621 1573 3711 virili
1602 3621 1797 3734 perodio,
1847 3640 1903 3700 o*
2046 3663 2054 3694 ι

611 3757 677 3812 res
709 3728 970 3927 polypetalos
1002 3727 1177 3815 ferentia
1203 3751 1403 3846 attingam
1427 3727 1442 3818 .’
1464 3739 1512 3818 In
1539 3753 1724 3853 quorum
1752 3724 1900 3816 recen-
2032 3831 2037 3838 .

610 3837 733 3926 seoda
759 3843 803 3928 hi
839 3842 930 3928 orio
958 3873 980 3926 a
1003 3835 1366 3930 Tournefortiano
1390 3845 1578 3936 instituto
1600 3842 1894 3931 declinabimus

614 3977 832 4076 quoque;
857 3979 951 4038 nam
977 3957 1218 4068 incipiemus
1248 3952 1301 4040 ab
1326 3955 1394 4042 hir
1418 3957 1668 4078 generibus,
1687 3984 1782 4085 quae
1814 3947 1904 4039 fio,

609 4089 664 4149 ns
697 4063 833 4186 figura
861 4092 958 4153 cum
983 4066 1201 4186 inaequaiia
1226 4067 1334 4168 sint,
1371 4101 1419 4159 ac
1449 4076 1555 4156 inter
1595 4067 1633 4157 se
1669 4067 1903 4181 drscrepan··

622 4176 677 4260 tia
698 4240 712 4274 ,
737 4185 905 4266 oromolo
935 4204 1089 4269 vocant
1109 4221 1123 4264 ε
1145 4179 1209 4267 his
1240 4183 1284 4266 in
1312 4185 1445 4296 prima
1472 4175 1623 4280 classe,
1663 4209 1756 4300 quae
1786 4179 1903 4264 ordi-

619 4311 674 4374 ne
699 4290 978 4382 decimotertio
1005 4295 1087 4381 erit
1101 4351 1118 4394 ,
1158 4293 1296 4392 sedern
1320 4293 1505 4388 dabimus
1537 4357 1552 4406 .·
1587 4297 1729 4387 Parvo
1763 4287 1904 4414 distri-

1729 4428 1848 4498 nune
