4168 5418
568 417 671 497 tare
696 378 883 508 studui,
915 377 986 539 it}
1008 371 1134 511 hojo·
1157 371 1617 627 §Quamcunque
1639 383 1755 511 etit,
1789 389 1853 496 de

566 521 703 630 floris
725 517 913 626 ratione
938 512 1153 626 libelloa
1212 517 1310 627 hoc
1334 520 1552 628 studium
1610 519 1854 646 ,tsuadete

567 653 792 774 connitor
812 731 826 760 .
843 655 1038 792 Neque
1060 653 1198 759 enim
1221 656 1384 791 impar
1408 655 1563 760 labori
1598 689 1655 760 us
1692 652 1852 789 seque·

565 816 647 893 tur
669 787 859 920 glorie,
889 783 966 892 sed
979 788 1250 919 uberrimos
1264 785 1443 895 nunus
1455 787 1717 924 percipiet,
1742 786 1852 920 qui-

566 951 761 1053 cunque
784 921 837 1022 in
873 917 1169 1054 persecandis
1197 921 1400 1027 floribus
1438 921 1617 1025 affidue
1649 917 1854 1026 versabi-

566 1081 682 1155 tur.
719 1053 843 1156 Non
867 1049 1027 1157 solum
1052 1081 1224 1163 autem,
1241 1055 1412 1186 ignota
1454 1049 1615 1156 forma
1673 1054 1857 1170 laneas,

567 1213 651 1286 aut
677 1179 827 1285 dubia
862 1189 885 1317 (
896 1213 951 1284 ut
976 1185 1198 1286 Botanici
1224 1175 1411 1307 solent)
1444 1183 1523 1288 sed
1533 1083 1858 1318 quaiiunquo

567 1315 719 1418 etiam
735 1315 864 1432 illan,
889 1341 1007 1466 quajs
1031 1316 1314 1418 certumest
1338 1309 1471 1419 mitte
1506 1351 1535 1418 a
1558 1316 1731 1446 magni
1767 1347 1857 1430 no·

568 1444 721 1547 minis
745 1446 1020 1548 auotortbus
1041 1443 1287 1562 excussas,
1320 1441 1495 1547 hortor
1506 1445 1568 1545 ad
1578 1445 1853 1574 secandum3

567 1585 618 1682 ὃ(
641 1609 775 1682 nova
799 1576 896 1676 sem
933 1609 985 1678 er
1008 1577 1169 1709 aliqua
1205 1604 1288 1678 aut
1318 1574 1447 1677 circa
1482 1575 1616 1676 floris
1655 1575 1854 1682 struniu-

568 1739 702 1826 ram,
743 1736 828 1810 aut
853 1607 930 1810 aei
939 1708 1155 1842 partium
1181 1703 1320 1835 usum
1358 1705 1610 1810 attinentia
1635 1703 1856 1812 inveniti

569 1835 702 1974 posse
725 1838 1003 1972 promitto,
1048 1837 1250 1942 Etenim
1284 1869 1439 1972 neque
1466 1836 1619 1940 nimis
1655 1833 1853 1970 scripto·

569 2003 686 2073 rum
709 1969 1044 2075 auiioritatem
1070 1969 1228 2076 vereri
1259 1968 1400 2073 debet
1434 1971 1735 2090 BotanicuS,
1769 1999 1854 2076 aut

569 2103 637 2236 ob
664 2103 876 2205 aliorum
912 2104 1116 2206 inventa
1153 2102 1212 2202 ab
1247 2101 1563 2235 inquisitione
1597 2099 1855 2228 deterreri3

496 2361 497 2366 Ν
607 2231 803 2338 uamvis
827 2233 966 2336 enim
988 2234 1464 2368 plura'detegantur,
1479 2241 1482 2250 ’
1500 2233 1664 2367 aliqua
1688 2262 1856 2336 tamen

568 2265 758 2594 {mser
781 2362 991 2466 obstrusa
1014 2365 1202 2501 jacent,
1233 2395 1453 2494 quotum
1478 2357 1857 2467 nonnullafutu-

569 2495 639 2598 tis
679 2495 826 2598 eculis
862 2489 1199 2628 reservantut.
1236 2491 1561 2627 Quinetiam
1596 2527 1680 2612 ea,
1714 2524 1857 2626 quae,

571 2655 631 2730 ut
657 2626 881 2758 primum
906 2625 967 2726 ab
991 2625 1158 2757 aliquo
1183 2623 1367 2728 deteiia
1392 2624 1523 2743 sunt,
1562 2657 1743 2757 magna
1770 2623 1852 2727 ad·

571 2757 835 2860 miratione
862 2755 1087 2859 homines
1109 2760 1329 2890 rapiunt,
1364 2756 1426 2860 a'd
1453 2790 1585 2860 nova
1614 2757 1705 2862 aiia
1728 2755 1855 2859 dete·

570 2889 733 3023 genda
756 2887 931 2994 fututae
950 2913 1110 3021 gentes
1140 2917 1454 3008 convertent,
1490 2891 1664 3022 quibus
1684 2889 1854 2994 inven-

571 3021 661 3138 tis,
699 3020 847 3150 prisca
872 3049 956 3122 aut
977 3016 1112 3137 falsa,
1149 3047 1233 3117 aut
1258 3049 1433 3154 manca
1459 3015 1855 3152 fortaiseappare·

571 3151 724 3252 bunt.
760 3147 901 3300 Quid
917 3146 1078 3279 enim,
1111 3175 1167 3254 ut
1190 3145 1250 3246 de
1275 3177 1327 3248 re
1351 3148 1511 3249 nostra
1521 3153 1721 3282 loquar,
1754 3150 1855 3253 To-

570 3273 907 3384 umefotuana
934 3277 1172 3381 methodo
1198 3276 1357 3381 nostra
1383 3279 1521 3382 aetate'
1534 3279 1847 3412 praestantius,

572 3409 626 3518 δι4
634 3402 1006 3515 admirabilius?
1032 3410 1224 3514 Tamen
1239 3407 1411 3511 eadem
1424 3409 1525 3545 ipsa
1536 3440 1718 3516 utentes
1730 3445 1853 3514 non-

572 3546 708 3646 nulla
745 3543 873 3647 circa
907 3540 1048 3642 illam
1079 3543 1245 3674 Regiae
1280 3540 1556 3646 Academiae
1591 3543 1873 3649 Parifiensts.

572 3673 685 3782 Viri
721 3675 1084 3778 nouvetunt.'
1146 3673 1233 3775 uin
1268 3671 1418 3775 etiam
1457 3675 1655 3790 Petrum
1687 3673 1854 3778 Blodi·

573 3837 699 3911 num
722 3799 1054 3910 Toumefottii
1078 3803 1374 3938 dicipulum
1398 3833 1507 3909 ante
1530 3805 1622 3917 hos
1637 3805 1753 3910 otio
1773 3841 1859 3912 an·

571 3969 668 4044 nos
693 3973 720 4042 e
741 3941 847 4046 vita
868 3936 1127 4074 euenisse,
1161 3938 1250 4071 qui
1278 3966 1612 4073 apraeeeptore
1626 3939 1711 4043 suo
1728 3943 1855 4046 mul-

572 4097 686 4177 tum
725 4069 1019 4190 desciverat,
1057 4070 1228 4172 litteris
1265 4069 1556 4174 mandatum
1592 4069 1830 4176 habemus
1840 4103 1858 4180 .’

572 4202 732 4336 Quod
752 4233 770 4326 '‚
802 4201 837 4310 st
864 4201 969 4310 haec
993 4229 1099 4306 tam
1136 4201 1276 4312 brevi
1300 4202 1546 4338 temporis„
1560 4197 1713 4356 spatio
1736 4236 1853 4332 confi

665 4365 670 4379 '
1079 4361 1081 4365 Α
1671 4363 1790 4468 nge}

2055 4117 2062 4130 1
2070 4119 2071 4124 t

2070 4509 2071 4524 i

2070 4713 2071 4722 t
