4144 5412
667 261 730 365 ἡ
888 241 1606 340 AnTHoLoGIAE
1791 361 1854 373 ,-

600 393 671 466 sur
709 364 886 472 eandida
913 365 1151 466 birmento,
1190 366 1299 454 inter
1330 368 1489 466 flores,
1526 357 1802 566 sruchspue,
1830 388 1883 456 ru:

603 489 630 576 s
655 510 789 580 nemas
820 476 969 596 posta,
999 509 1047 567 ea
1076 478 1129 574 de
1158 475 1273 567 causa
1300 499 1387 566 tum
1419 502 1473 563 ne
1499 473 1650 588 semina
1709 471 1886 595 oresque'

604 511 676 692 {lbi
695 617 844 690 mutuo
867 593 1123 689 adhaereant,
1153 614 1241 682 tum
1264 592 1510 708 porisnmun
1536 608 1583 677 ut
1611 587 1780 700 spatium
1794 617 1884 678 em·

605 707 815 830 bryonnin
834 702 1068 797 evolutioni
1088 702 1379 826 relinquatur;
1415 698 1506 788 haec
1537 699 1646 786 enim
1676 697 1883 788 filamenra

604 817 725 914 facile
755 816 936 908 cedunt,
974 816 1106 926 Quod
1134 815 1187 901 de
1218 816 1364 930 pappis
1403 811 1628 911 omnibus,
1658 807 1706 896 δι
1730 809 1882 902 villosis

604 929 792 1024 thalamis
814 926 1036 1020 dicendum
1054 925 1141 1018 est,
1170 929 1357 1026 Etenim,
1382 921 1412 1014 si
1437 924 1615 1048 rigidum
1635 949 1788 1040 corpus
1819 924 1883 1008 in-

603 1041 821 1156 terjesium
853 1035 950 1130 ess'et
964 1083 982 1136 ·,
1008 1038 1117 1128 nulla
1146 1039 1309 1125 ratione
1340 1032 1567 1126 crescerent
1598 1034 1881 1154 embrpones.

602 1157 722 1250 Hane
741 1174 894 1244 nature
911 1147 1118 1242 solertiam
1145 1148 1338 1274 plerique
1366 1145 1562 1242 mortales
1595 1149 1640 1238 in
1666 1149 1787 1240 variis
1808 1144 1880 1236 usr-

606 1262 679 1360 bus
699 1263 845 1356 imitati
864 1263 978 1358 sunt,
1390 1333 1394 1340 .
1873 1319 1881 1372 ·.

660 1373 798 1470 Flores
850 1402 957 1465 orso
973 1403 1069 1467 cunr
1088 1399 1220 1460 mono
1254 1370 1349 1466 etali
1365 1375 1475 1472 snt,
1502 1369 1709 1464 intubum
1731 1398 1883 1488 peran-

605 1485 769 1612 gustum
788 1400 848 1574 ab
863 1511 943 1584 una
967 1507 1087 1604 parte
1107 1399 1396 1584 mergantur,
1425 1513 1515 1603 quo
1535 1487 1669 1578 minus
1679 1485 1794 1600 spatii
1809 1516 1882 1573 oce

607 1619 848 1722 cupareiur,
875 1596 1003 1692 ¹altera
1024 1599 1226 1695 laxantur,
1248 1599 1433 1692 secantur
1468 1625 1519 1683 ue
1539 1602 1583 1688 in
1634 1619 1764 1686 artes.
1795 1605 1883 1686 Sta*

605 1712 717 1800 mina
732 1737 937 1836 iquoquee
963 1711 1125 1834 quaein
1146 1708 1231 1803 aliis
1251 1708 1422 1802 fioribus
1436 1625 1573 1802 soluta
1591 1622 1715 1807 sint,
1745 1711 1788 1796 in
1817 1733 1883 1800 tu⁴

604 1821 1069 1946 buu-conjunguntur,
1096 1844 1143 1915 ut
1173 1817 1345 1916 validius
1366 1843 1513 1914 contra
1546 1818 1694 1942 calycir
1721 1821 1769 1905 δε
1801 1823 1882 1907 eir-·

603 1935 925 2047 cumpnfirorum
944 1939 1095 2030 florum
1113 1935 1357 2057 presliouem
1375 1934 1574 2042 resistant,
1602 1930 1784 2051 parribus
1805 1929 1879 2020 sibi

601 2067 750 2142 mutuo
774 2046 1133 2138 incumbentibus,
1160 2045 1262 2132 Ideo
1285 2073 1362 2163 per
1397 2047 1551 2135 horum
1569 2040 1811 2137 tubulorum
1838 2071 1886 2128 a-

601 2183 699 2248 xem
716 2179 814 2246 tutae
833 2160 1008 2249 subeunt
1029 2158 1167 2256 tubae,
1196 2157 1429 2274 &apicum
1446 2161 1632 2277 liquores
1652 2217 1665 2253 ,
1692 2173 1881 2272 quorum

600 2268 766 2366 utriculi
788 2297 861 2383 per
883 2274 1088 2364 ‚internunn
1107 2268 1348 2365 tubulorum
1369 2275 1570 2388 parietem
1579 2265 1697 2384 sparsi
1710 2267 1880 2355 nascun-

600 2403 690 2488 tur,
718 2379 800 2474 fine
819 2381 901 2477 ulla
922 2409 1043 2478 mora
1062 2381 1114 2472 ad
1138 2377 1666 2506 embryonesdeseenebnr..
1694 2382 1882 2500 Affigunn

601 2513 671 2584 tur
703 2494 826 2585 flores
855 2493 1179 2616 embryonibus,
1206 2519 1263 2583 ex
1292 2492 1441 2618 quibus
1474 2496 1603 2698 pappi
1632 2490 1882 2592 nuscuntur&

601 2621 787 2721 quorum
808 2603 919 2712 usus,
947 2628 995 2699 ut
1015 2608 1139 2697 etiam
1155 2599 1431 2698 thalamorun
1451 2606 1552 2698 villo
1568 2633 1690 2694 orum
1714 2604 1880 2696 eosdem

600 2711 679 2808 esl'e
700 2739 893 2831 apparet,
922 2743 1031 2836 quos
1050 2715 1116 2809 vel
1138 2713 1266 2834 paulo
1302 2741 1398 2804 ante
1419 2719 1743 2810 commemoravi
1767 2779 1779 2816 ,
1807 2743 1887 2804 exa

602 2829 742 2942 cipere
762 2857 911 2945 nempe
933 2829 1081 2950 calycis
1105 2823 1346 2943 psessirram,
1373 2829 1621 2924 &cedendo
1640 2827 1809 2921 floribus
1830 2845 1881 2918 ur

601 2943 822 3046 dilatentur
853 2939 1233 3058 explicenturque‚
1268 2939 1561 3066 embryonibus
1595 2964 1642 3034 ur
1672 2943 1875 3050 crescant,

600 3049 745 3138 locum
767 3053 971 3164 prebere.
999 3053 1127 3165 Puppi
1147 3051 1227 3139 alis
1247 3056 1466 3146 commoda
1477 3055 1687 3170 prestant,
1708 3051 1762 3140 de
1784 3055 1877 3172 qui-

602 3164 678 3260 bus
697 3189 803 3259 mox
823 3165 979 3266 dicaru3
1009 3164 1181 3258 nuncid
1203 3165 1321 3286 quod
1342 3163 1504 3264 institui,
1517 3164 1763 3284 prosequar.

608 3282 695 3400 ..sl
708 3273 895 3404 capitulis
916 3273 1018 3368 villis
1043 3277 1092 3364 &
1108 3273 1494 3396 pappninstruffis,
1523 3277 1645 3375 adea,
1657 3305 1749 3398 quae
1761 3273 1884 3407 squa-⁸

601 3413 676 3490 rurs
709 3411 978 3487 muniuntur,
1017 3391 1293 3480 transeamus.
1331 3393 1437 3503 Qrae
1467 3387 1659 3506 profesto
1701 3387 1881 3506 plum.
2013 3434 2026 3443 ,

602 3501 822 3593 commoda
845 3499 1035 3614 prestant
1056 3504 1108 3594 ad
1125 3498 1279 3590 frustus
1305 3497 1498 3599 tutelam,
1528 3503 1697 3624 ejusque
1732 3505 1883 3593 evolu-

598 3613 793 3702 tionem.
822 3618 929 3704 Nam
950 3615 1071 3731 quod
1091 3613 1142 3704 ad
1170 3613 1383 3737 squamas,
1416 3641 1509 3736 quae
1542 3617 1726 3706 melaino
1754 3618 1882 3703 inna.:

598 3722 799 3822 scuntur,
826 3723 1002 3836 speslan
1031 3725 1095 3820 hae
1116 3754 1235 3822 cum,
1263 3724 1441 3815 imbricis
1474 3725 1629 3829 instar,
1659 3751 1869 3821 excavatae

600 3831 699 3946 sint,
728 3837 782 3920 ita
802 3833 1093 3948 disponuntur,
1123 3861 1169 3926 ut
1189 3859 1305 3952 parte
1327 3865 1517 3930 convexa
1536 3842 1765 3929 extrorsum
1778 3859 1882 3931 ver-³

599 3970 720 4062 gant,
748 3959 1055 4038 concumbere
1077 3948 1324 4038 introrsum..
1344 3954 1415 4038 His
1445 3950 1590 4071 singuli
1619 3955 1882 4069 embryones·

598 4060 885 4174 excipiuntur,
915 4060 957 4144 in
981 4083 1096 4174 parte
1117 4091 1302 4154 concava
1322 4070 1531 4162 contenti,
1560 4063 1661 4152 ideo
1673 4065 1724 4155 ab
1736 4089 1881 4156 enter·¹

597 4173 666 4266 nis·
682 4173 836 4285 injuriis
852 4173 933 4260 ruti
956 4237 965 4257 .
992 4173 1123 4264 Facile
1147 4199 1283 4266 auteur
1305 4176 1560 4276 dilatantur,
1589 4179 1886 4295 explicantur..

594 4310 703 4419 ques
733 4287 891 4402 quippe
909 4282 1077 4384 latiores
1093 4287 1270 4408 squame
1287 4299 1398 4389 lunt,
1427 4292 1886 4410 quam.proseminum;

668 4468 673 4480 ,
1732 4427 1818 4490 snu-
