4088 5412
540 241 1144 340 UWDECIMA.
1338 269 1424 377 27'5

219 399 304 466 tem
332 368 552 468 all'umunt,
581 363 740 493 suisque
769 359 1058 484 embryonibus
1072 366 1392 480 impartiuntur,
1421 379 1496 498 qui

219 491 331 690 prius
363 480 541 574 crescere
569 481 804 592 incipiunt,
842 501 969 592 quarn
997 478 1049 566 ad
1074 473 1386 589 flosculosorum
1414 521 1498 579 cm,

250 624 397 719 ryones
424 593 579 682 humor
606 609 814 706 permeet.
841 589 926 674 Fiti
959 591 1040 676 itur
1066 611 1113 678 ut
1135 589 1497 696 semillosculorum

220 711 466 830 embryones
495 707 539 789 in
567 701 653 789 dies
681 699 903 789 crescendo
1007 699 1193 820 largioris
1223 705 1402 796 alimenti
1436 715 1499 797 in.

216 823 409 942 digeant,
438 815 637 934 &magis
666 814 914 902 interiorum
939 811 1098 904 llorurn
1125 818 1370 926 embrvones
1394 852 1497 912 con.

216 933 451 1056 stringantz
489 935 632 1038 Quare
659 923 717 1012 illi
745 923 876 1018 solum
903 939 1092 1016 crelcunt
1117 931 1161 1016 in
1200 927 1381 1025 stultum
1409 939 1496 1052 pri,

211 1074 329 1135 raum
366 1043 539 1135 carnolo
568 1041 729 1129 cortice
757 1041 1079 1142 circundatum,
1121 1071 1213 1162 quo
1252 1046 1492 1147 exsiccato,

214 1157 328 1258 pss'eo
359 1153 581 1246 involucro
611 1153 793 1273 cingitur
835 1152 885 1240 &
910 1157 1131 1255 munitur,
1170 1153 1324 1244 nucleo
1364 1157 1491 1250 foetus

211 1269 413 1390 globolo,
441 1289 487 1356 ut
513 1261 599 1356 fere
628 1267 687 1358 cst
713 1263 893 1358 fruetus,

334 1493 544 1590 Attenus,
582 1491 837 1588 Auditores,
875 1516 924 1575 ea
951 1489 1207 1578 radiatorutn
1233 1483 1393 1582 florum
1419 1519 1493 1616 ge.

360 1633 456 1692 neta
484 1603 679 1704 vidimus,
709 1631 802 1730 quae
830 1601 979 1689 semina
1010 1602 1254 1718 producunt
1280 1631 1351 1696 aut
1372 1609 1492 1724 iqua

209 1721 286 1806 mis
315 1716 520 1812 instruc‘ta,
550 1717 938 1806 autctassocortice
967 1713 1233 1832 circumsepta
1264 1723 1416 1839 (quem
1446 1750 1492 1810 ud

205 1853 343 1943 terum
370 1855 590 1926 vocamus,
619 1826 852 1946 &vulgari
877 1853 931 1941 ap
965 1825 1158 1913 ellatione
1183 1827 1391 1944 fructum)
1416 1862 1492 1923 nu⁴

207 1942 266 2028 do
288 1945 407 2028 affixa
421 1938 604 2026 thalamo
613 1975 631 2038 ς
651 1967 761 2026 nunc
784 1938 905 2023 nobis
948 1939 1037 2022 ciis
1059 1937 1208 2025 ultimo
1230 1940 1331 2028 loco
1348 1945 1492 2029 dicen..

206 2051 307 2137 dum
333 2051 424 2146 est,
466 2077 559 2161 quae
582 2049 929 2166 neque,squamas
950 2075 1087 2169 neque
1106 2075 1268 2164 pappos
1308 2047 1446 2139 ferunt
1464 2081 1489 2138 e

205 2160 364 2248 summis
391 2160 642 2258 seminibus,
681 2161 883 2276 nulloque
904 2159 1125 2274 interjetm
1157 2188 1339 2277 corpore
1363 2193 1411 2250 ea
1444 2164 1491 2248 in

113 2291 118 2300 ’
203 2271 388 2360 thalamo
415 2273 451 2356 l'e
482 2295 663 2388 regant,
702 2273 770 2362 sed
791 2273 902 2361 nuda
926 2275 1044 2362 nudo
1066 2273 1186 2358 affixa
1207 2271 1392 2360 thalamo
1448 2301 1489 2358 a,

202 2386 316 2478 riunt
339 2445 348 2466 .
386 2297 613 2472 Oriiamur
635 2385 778 2506 itaque
802 2415 826 2470 a
847 2391 998 2470 Bellide
1022 2383 1159 2498 primo
1180 2382 1282 2472 loco
1312 2417 1336 2472 a
1358 2301 1481 2474 nolis

199 2489 438 2608 propofita‚
467 2491 625 2610 reliqua
651 2517 806 2606 genera
829 2493 1027 2604 deinceps
1050 2519 1319 2604 peragemus.

294 2611 392 2690 Ellis
417 2607 467 2716 est
489 2610 630 2689 Planta
645 2635 787 2718 genus,
816 2611 919 2718 cujus
929 2606 1055 2718 flores
1062 2603 1350 2717 semtflosculvst
1355 2601 1400 2700 ἅ·
1409 2607 1487 2728 (ἴω

315 2715 450 2824 sculofi
475 2727 628 2831 proprie
654 2720 752 2802 dmi
780 2722 821 2800 in
843 2718 995 2796 radam
1027 2721 1199 2828 capitula
1222 2721 1310 2800 tollt
1334 2742 1481 2819 antur,

192 2825 364 2948 Je'orstrm
379 2825 739 2941 postrisemiflosruli
765 2833 806 2907 in
831 2855 979 2919 corona,
1006 2827 1157 2936 flosculi
1180 2838 1223 2912 in
1240 2750 1360 2944 distis.-
1386 2843 1485 2947 capt}

202 2947 285 3028 tula
289 2936 459 3052 squamis
470 2935 669 3049 equalibus
682 2959 960 3048 componuntur.
982 2941 1139 3020 Florum
1160 2943 1482 3058 embryonesnudae

195 3055 344 3171 semina
344 3051 471 3163 fiunt,
484 3048 650 3133 thalamo
659 3051 758 3134 nudo
771 3043 944 3140 &conica
957 3057 1225 3166 circunquaque
1236 3058 1482 3169 inarescentia,

218 3233 228 3252 .
255 3161 389 3274 Quod
416 3160 430 3244 i
460 3163 541 3248 itur
563 3157 791 3280 degenere
815 3155 1179 3260 constiturumest,
1207 3167 1417 3256 videamus
1439 3167 1481 3256 id

197 3275 326 3392 ipsum
349 3187 632 3362 conientiacne
667 3268 876 3397 speciebus
902 3336 912 3356 .
950 3279 1092 3376 Quare
1112 3274 1222 3364 hanc
1243 3277 1480 3399 diligentius

198 3388 502 3510 perpendamus
534 3389 756 3480 Bellidem,
786 3382 936 3468 deinde
957 3388 1075 3471 alias.

255 3505 355 3588 Haec
377 3500 430 3585 de
450 3499 609 3586 surianis
630 3491 838 3584 cauliculis
852 3493 1019 3584 unicum
1029 3499 1229 3610 producit
1240 3495 1477 3628 capitulum,

197 3611 319 3732 quod
341 3610 572 3727 explicatur
594 3608 808 3698 inflores.
836 3611 999 3696 Horum
1019 3608 1085 3698 alii
1106 3611 1180 3731 qui
1201 3611 1247 3694 in
1264 3609 1479 3700 circumfe-

198 3729 332 3818 rentia
345 3750 586 3840 ponuntur,
617 3718 1038 3820 semillosculosrsunt,
1065 3721 1275 3843 lingulati,
1302 3725 1478 3852 integri,

197 3838 398 3957 oblongi,
427 3838 506 3926 albi
531 3839 737 3956 superius,
754 3829 919 3924 inferius
942 3866 1047 3929 vero
1068 3837 1265 3954 purpurei
1290 3837 1477 3945 (idcrrco

199 3953 431 4154 apilii&
440 4067 662 4182 sylvestris,
681 4075 825 4162 minor,
853 4065 962 4180 flore
984 4071 1106 4192 mixta
1124 4067 1252 4180 ΕΜ.)
1316 4173 1326 4190 .
1419 4175 1427 4194 ο
1468 4113 1474 4132 ·

262 4186 374 4270 Cum
384 4177 598 4268 filarnento
610 4175 739 4266 bifido
750 4209 798 4282 ac
808 4175 938 4264 luteo.
950 4179 1187 4269 Crnountur
1197 4171 1343 4293 calycrs
1354 4167 1477 4265 folro·

200 4289 265 4396 lis,
279 4293 496 4416 oblongis,
508 4289 734 4415 aequalibus,
739 4353 753 4396 ‚
766 4291 809 4378 in
820 4285 901 4382 fine
913 4243 1477 4492 ⁰b3tuffia&8⁶ml¹¹3.‘s’fd¹'¹¹‘

392 4475 401 4488 .
1040 4432 1066 4486 2
1317 4429 1423 4521 rpo-
