4130 5424
655 233 709 341 38
875 194 1579 330 DISSER'T'ATJO

585 375 680 438 men
722 353 944 458 propterea
971 329 1124 420 fastum
1158 392 1169 417 .
1206 338 1394 444 Apparet
1421 353 1556 422 autem
1585 332 1727 446 paucis
1762 336 1856 450 p'ost

586 459 726 548 diebus
755 455 840 544 hoc
872 446 1089 544 albidum,
1118 443 1392 562 &exiguum
1426 442 1716 558 corpusculum
1748 447 1854 545 inter

586 570 782 657 Chorion
808 568 1027 654 innatans,
1058 553 1178 671 quod
1205 565 1374 640 amnium
1402 617 1415 654 ‚
1444 554 1701 645 similitudine
1730 559 1783 652 ab
1813 595 1854 656 aa

585 679 803 774 nimalibus
830 675 987 789 sumpta
1021 731 1034 768 ³
1073 667 1276 792 quoniam
1302 665 1402 760 huic
1430 665 1615 784 plantula
1641 672 1854 790 affigitur,

585 816 868 906 nuncupamus
893 851 902 876 .

593 971 601 982 .
640 909 715 994 Hae
742 904 833 993 sunt
861 915 994 1012 partes
1024 895 1241 1007 praecipua
1268 895 1313 978 in
1333 889 1505 990 fruitu,
1533 893 1585 980 de
1610 922 1785 1015 quarum
1806 925 1851 1007 ua

586 1016 626 1107 su
656 1042 786 1128 pauca
816 1011 1049 1121 judicamus,
1067 1005 1284 1096 addenda.
1313 1011 1464 1096 succus
1490 1006 1533 1092 in
1554 1008 1769 1119 apicibus,
1799 1009 1850 1096 &

585 1124 724 1244 petalo
764 1121 949 1212 subactus
988 1115 1041 1202 ad
1079 1114 1387 1236 receptaculum
1423 1111 1606 1206 defertur
1642 1155 1656 1218 ,·
1698 1120 1851 1222 deinde

583 1233 783 1352 paulatim
824 1234 929 1320 intra
971 1250 1131 1316 uterum
1152 1252 1399 1426 permeat,
1437 1257 1615 1344 eumque
1652 1231 1848 1345 implet3

585 1365 673 1439 tum
713 1347 764 1436 ab
793 1367 914 1435 utero
945 1367 1022 1461 per
1060 1361 1149 1426 tran
1167 1343 1336 1436 versales
1380 1338 1578 1432 utriculos
1608 1343 1650 1435 in
1690 1343 1850 1458 placen,

584 1487 668 1554 tam
696 1461 941 1552 derivatur,
971 1485 994 1540 a
1024 1450 1211 1566 placenta
1233 1457 1276 1538 in
1304 1451 1518 1549 drotion,
1549 1455 1777 1546 achorion
1804 1459 1847 1558 in

583 1574 765 1666 amnium
798 1633 810 1668 ‚
840 1567 920 1658 cui*
935 1563 1118 1686 plantula
1153 1567 1362 1661 adhaeret,
1392 1567 1441 1654 &
1468 1592 1522 1654 ex
1553 1569 1694 1656 amnio
1723 1573 1852 1662 nutri-

582 1707 767 1778 mentum
793 1681 951 1770 baurit.
980 1677 1173 1766 Amnium
1191 1676 1352 1768 induas
1381 1677 1580 1768 diuiditur
1605 1704 1767 1802 partes,
1796 1689 1852 1782 la,

584 1801 675 1898 bos,
706 1815 752 1882 ut
777 1792 896 1907 supra
914 1790 976 1884 est
992 1789 1261 1886 indicatum,
1289 1814 1491 1880 vocatas.
1516 1787 1663 1884 Subit,
1691 1794 1850 1884 exhau-

585 1909 650 1997 sto
677 1902 930 2022 receptaculi
957 1901 1137 1992 humore
1170 1965 1182 2000 ,
1212 1929 1288 2017 per
1318 1903 1518 2098 petiolum
1544 1899 1684 1992 succus
1713 1966 1725 2001 ,
1754 1931 1849 2018 par..

584 2020 724 2141 resque
751 2017 878 2110 mavis
908 2015 1067 2109 diducit
1094 2037 1220 2131 atque
1240 2039 1322 2127 exp
1338 2015 1453 2102 icat.
1481 2013 1646 2128 Tanta,
1675 2019 1850 2100 Audito-

584 2159 651 2228 res
683 2193 695 2230 ,
733 2157 825 2222 mac
858 2130 989 2218 inatio
1020 2124 1240 2216 constituta
1271 2187 1283 2230 ‚
1327 2147 1373 2216 ut
1398 2125 1551 2212 humor
1580 2123 1655 2240 qui
1685 2123 1737 2212 ad
1766 2156 1851 2224 ern-

584 2244 789 2364 bryonem
816 2239 977 2340 fertur,
1006 2259 1075 2328 tot
1100 2236 1245 2326 subiret
1272 2261 1445 2365 partera
1472 2238 1515 2326 in
1542 2233 1692 2354 quibus
1721 2266 1784 2324 rna
1816 2241 1848 2341 is:

584 2379 712 2474 atque
738 2354 866 2472 magis
897 2379 1046 2470 purus,
1074 2349 1120 2440 &
1149 2347 1297 2439 subtilis
1325 2347 1455 2440 faetus
1487 2410 1500 2446 ‚
1537 2347 1758 2467 exiliffimas
1785 2269 1850 2438 ie-

582 2466 700 2557 minis
731 2489 865 2576 partes
896 2483 1110 2573 penetrare
1144 2459 1304 2574 pollet.
1331 2459 1552 2588 Postquam
1578 2488 1681 2554 vero
1707 2486 1846 2586 partes

582 2579 737 2664 omnes'
757 2572 945 2688 expansae.
977 2572 1108 2671 sunt,
1140 2570 1288 2662 exilior
1320 2573 1588 2693 nobiliorque
1617 2567 1723 2666 succi
1779 2596 1844 2671 ars

582 2690 626 2772 in
655 2687 834 2780 amnium
861 2684 991 2776 veluti
1024 2686 1069 2770 in
1096 2685 1427 2800 promptuarium
1457 2685 1669 2802 quoddam
1688 2600 1846 2803 colligi-

580 2822 683 2894 tur,
713 2822 803 2912 quo
836 2794 975 2916 planta
1004 2819 1177 2890 amatre
1206 2795 1357 2888 divulsa
1388 2799 1598 2897 nutritur,
1661 2799 1846 2916 uousque,

582 2911 713 3008 humo
733 2913 934 3001 'mandata
956 2911 1008 3000 ab
1037 2915 1050 2996 i
1081 2910 1119 3002 sa
1139 2909 1377 3001 alimentum
1396 2911 1603 3024 accipiat,
1701 2912 1744 2996 in
1764 2939 1846 2997 ma<

582 3045 743 3118 ternam
769 3019 945 3106 formam
973 3022 1011 3108 se
1042 2937 1080 3108 ii
1114 3022 1326 3137 explicet,
1356 3021 1709 3139 quemadmodum
1736 3049 1847 3135 nos,

580 3150 783 3268 quantum
809 3131 947 3226 nostra
971 3131 1063 3226 tulit
1089 3133 1331 3237 infirmitas,
1360 3131 1620 3256 exposuimus
1643 3199 1661 3228 a

705 3359 784 3444 AEc
810 3355 1014 3471 paneade
1038 3357 1270 3472 plantarum
1289 3355 1518 3458 muaura,
1546 3359 1600 3450 de
1621 3358 1847 3452 humorum

586 3575 592 3585 Α
732 3468 846 3564 cursu
881 3533 893 3566 ,
931 3469 1272 3562 deincremento
1306 3532 1318 3568 ,
1347 3471 1399 3555 de
1425 3476 1729 3588 germinatione
1757 3536 1770 3571 ,
1796 3473 1844 3564 δὲ

581 3589 635 3671 de
664 3583 969 3700 propagatione
997 3583 1281 3696 premittenda
1309 3580 1490 3696 judicavi
1524 3649 1536 3684 ,
1599 3617 1657 3674 uo
1684 3582 1842 3676 facilius

578 3691 824 3816 singularum
850 3693 1034 3812 stirpium
1060 3693 1273 3784 historiam
1301 3699 1452 3896 exequi
1487 3725 1546 3814 po
1576 3727 1633 3791 rm
1661 3765 1670 3786 .
1697 3704 1846 3790 Fateor

578 3823 717 3896 autern
752 3802 832 3892 elle
867 3804 943 3900 alia
982 3807 1109 3896 multa
1137 3809 1185 3901 ὅ(
1210 3806 1309 3894 scitu
1326 3829 1392 4006 pu
1410 3809 1612 3904 cherrima
1645 3871 1658 3909 ,
1697 3809 1742 3896 dt
1769 3805 1847 3898 do-

578 3916 842 4040 stiifimorum
878 3920 1066 4008 virorum
1102 3919 1274 4036 ingeniis
1310 3918 1324 4004 i
1355 3922 1502 4012 ustrata
1540 3956 1554 4029 3
1594 3923 1649 4010 de
1676 3920 1840 4041 quibus¹

580 4023 833 4145 perlibenter
860 4025 1014 4120 suill'em
1042 4032 1260 4131 disturm,
1289 4031 1360 4120 nisi
1381 4062 1577 4136 vererer,
1606 4064 1659 4124 ne
1678 4030 1832 4128 vestra,

580 4143 829 4239 ornatissimi
851 4144 1069 4241 Auditores
1090 4207 1117 4273 ,ι
1133 4146 1432 4261 patientiffimas
1458 4177 1573 4237 aures
1601 4143 1845 4263 prolixioris

580 4257 783 4352 orationis
810 4255 995 4350 molestia
1021 4262 1192 4370 nirnuun
1219 4257 1473 4352 afficerem..
1495 4260 1628 4370 Malui
1655 4263 1845 4459 itaqpcea
