4130 5424
212 387 518 506 excidissent,
542 385 825 492 admoneri.
853 385 970 492 Hoc
993 381 1029 490 fi
1049 383 1239 511 feceris,
1263 422 1321 500 ut
1340 391 1497 530 spero,'

212 545 318 628 non
343 522 501 626 solum
526 520 655 623 mihi
679 550 832 652 quam
852 518 1190 652 gratissimum
1199 523 1315 646 erit,
1328 525 1407 632 sed
1428 531 1493 638 ad

213 685 382 760 caetera
417 685 501 758 rua
533 656 588 758 in
625 681 707 754 me
742 653 917 754 merita
952 653 1195 788 majorem
1228 663 1493 770 cumulum

216 785 512 892 acceisurum
534 783 652 888 seito
674 858 689 885 .
715 783 854 912 Quin
880 781 1030 885 etiam
1055 786 1257 920 adjicere
1279 823 1382 894 non
1400 825 1485 902 ve·

208 922 377 1037 rebor,
411 949 468 1025 ut
489 914 759 1050 plusculum
782 914 945 1018 amori
971 914 1136 1018 nostro
1157 921 1358 1052 largiare
1381 991 1397 1042 ,
1432 933 1483 1030 dr

208 1083 291 1156 me
315 1079 477 1162 totum
501 1047 565 1152 fic
589 1045 808 1180 suscipias
832 1045 1007 1162 velim,
1040 1074 1096 1150 ut
1120 1047 1329 1155 Librum
1351 1053 1487 1160 hunc

208 1182 301 1286 tibi
324 1181 562 1286 tuendum
585 1210 728 1312 atque
741 1175 1070 1281 sustinendum
1085 1209 1249 1308 putes3
1271 1181 1480 1290 solicitu-

207 1315 323 1418 dine
357 1314 495 1415 enim
529 1314 695 1445 aliqua
722 1341 937 1442 tangor,
962 1339 1022 1409 ne
1045 1305 1129 1410 hic
1169 1305 1304 1416 facile
1326 1315 1487 1420 obtre-

208 1447 414 1549 datores
437 1438 788 1562 inveniansed
814 1439 923 1590 quis
949 1467 1118 1591 contra
1137 1439 1282 1548 illurn
1305 1446 1494 1558 extitu-,

198 1593 289 1682 'rus
313 1578 377 1680 est
402 1575 472 1695 ‚fi-
497 1572 996 1677 tuamdiberahtarem
1019 1600 1075 1673 m
1097 1602 1157 1676 eo
1181 1570 1488 1684 defendendo

206 1706 337 1812 mihi
360 1693 629 1841 praestabis?
812 1789 816 1796 .
888 1790 891 1799 ι
1365 1763 1372 1782 ·

269 1837 580 1990 Quantulum
611 1868 763 1994 porro
795 1837 848 1944 in
874 1871 926 1944 re
947 1831 1220 1960 botanica,
1256 1833 1379 1948 dum
1403 1843 1480 1956 tui

203 1965 480 2074 nnitatrone
504 2003 587 2073 me
610 1974 787 2076 rmbuo
810 2002 956 2106 atque
978 1969 1477 2109 informo‚profeiius

203 2095 404 2202 fecerim
437 2110 461 2246 (
485 2103 622 2236 quod
654 2100 806 2207 sentio
829 2135 983 2238 quam
1005 2103 1062 2208 fit
1094 2094 1380 2238 exiguum)
1412 2139 1476 2214 ex

200 2231 301 2334 hoc
333 2234 463 2338 libro
491 2231 711 2367 perfacile
744 2235 1035 2369 cognosces.
1070 2235 1225 2369 Quod
1257 2269 1378 2342 vero
1411 2234 1475 2342 ad

199 2360 496 2469 Insediorum
519 2366 734 2470 studium
747 2400 849 2502 quo
871 2364 953 2470 scis
978 2401 1060 2470 me
1084 2400 1187 2470 non
1212 2368 1483 2473 mediocri.

113 2523 117 2530 '
199 2523 273 2600 ter
293 2496 516 2600 deleiian'
537 2566 553 2616 ,
588 2497 801 2632 spediur,
835 2499 915 2604 etsr
936 2497 1227 2630 graviffimis
1250 2499 1379 2603 curis
1404 2527 1473 2602 at-

199 2659 295 2780 que
318 2630 603 2733 muneribus
626 2661 889 2762 occupatus
911 2705 927 2749 ,
952 2631 1049 2734 hoc
1071 2630 1375 2762 temporibus
1399 2663 1473 2734 re·

198 2788 393 2862 mrttere
414 2755 592 2863 fuerim
615 2760 809 2864 coauus
834 2832 850 2878 ‚
874 2759 1046 2864 animo
1076 2789 1243 2865 tamen
1265 2760 1463 2882 retinui,

197 2899 248 2992 br
268 2923 330 2991 ex
352 2921 487 3022 parre
508 2890 660 2994 etiam
682 2890 812 2994 colui
834 2964 847 2993 .
884 2893 1246 3020 Argumentum
1282 2894 1335 2998 in
1359 2893 1471 2999 fica·

20 3096 25 3106 .
197 3021 277 3122 rio
301 3020 481 3125 insedio
507 3094 522 3141 ,
545 3023 682 3156 cujus
708 3051 934 3126 naturam
956 3021 1008 3122 in
1032 3053 1277 3130 tantarum
1302 3057 1470 3132 rerum

197 3153 432 3258 concursu
455 3153 733 3284 diligentius
769 3183 863 3286 pro
884 3185 998 3256 meo
1023 3153 1233 3259 modulo
1259 3157 1470 3294 perscru-

195 3289 289 3387 tari
322 3320 424 3390 non
448 3283 603 3390 destiti
625 3354 641 3404 ,
663 3283 897 3392 habebis.
939 3283 1136 3388 Cicadae
1171 3319 1370 3423 quoque
1394 3286 1471 3388 hi-

193 3415 394 3522 storiam
417 3449 731 3552 nequaquam
753 3413 1059 3550 praeternrisr3
1084 3414 1197 3518 ideo
1210 3449 1273 3518 ex
1289 3417 1468 3520 Audio

193 3581 310 3651 rum
343 3547 679 3654 monumentis
705 3549 939 3653 nonnulla
963 3544 1171 3679 excerpsi
1186 3545 1248 3648 ad
1273 3575 1384 3650 eam
1408 3546 1467 3651 il«

190 3678 488 3784 lustrandam
513 3681 913 3784 accommodata.
928 3677 1096 3808 Quare
1120 3685 1169 3782 δι
1193 3675 1466 3784 Cafferium

188 3814 261 3916 iei
286 3813 591 3919 Anaromicae
605 3813 946 3945 peritissimum
970 3807 1152 3913 musrca
1165 3809 1465 3915 cicadarum

189 3975 374 4074 organa
396 3947 540 4050 icone
563 3941 825 4076 expreffiffe
848 3939 1178 4075 deprehendi,
1209 3951 1258 4048 dr
1285 3941 1466 4073 Malpi·

185 4077 363 4206 ghium
389 4080 607 4181 uterinos
630 4079 794 4180 tubos.
826 4073 900 4175 Hi
921 4070 1028 4176 sane
1054 4071 1334 4204 diligentius
1364 4101 1464 4202 prae

182 4208 363 4314 ceteris
380 4211 680 4327 Cicadarum
705 4235 932 4316 naturam
957 4199 1243 4340 perscrutari.
1259 4197 1348 4310 effe
1342 4233 1466 4440 him
