4120 5414
638 185 1688 302 nsfnnrnozoolffil·

566 319 778 450 quidquid
807 314 1134 438 inpl'antissrve
1162 310 1461 428 sapidum,five
1490 308 1852 420 alimentare,·srv'e

568 444 804 537 Medicum,
833 437 1029 528 noxium,
1059 460 1108 516 ac
1137 454 1386 516 venenatum
1411 433 1853 542 reperitur,ascriben·1

568 555 671 641 durn
698 553 884 640 videtur.
912 548 991 632 Hic
1020 542 1079 629 est
1106 540 1247 662 liquor
1275 543 1350 662 qui
1379 541 1430 628 ad
1453 541 1635 656 petalutn
1655 543 1852 650 defertur,

565 667 616 753 &
645 657 897 751 err-dissimili
937 653 1213 745 utriculorurn
1252 679 1461 774 compage
1491 680 1603 743 nunc
1630 657 1703 744 has
1739 683 1853 750 nunc

567 775 653 864 illas
683 799 826 892 partes
855 770 1054 887 deponit5
1084 769 1183 854 hinc
1212 765 1405 854 colonun
1432 769 1630 868 varietas,
1653 772 1853 880 odoturnafl

572 903 658 978 'ue'
684 887 915 974 discrimina
942 883 1182 967 nascuntur.
1214 884 1278 964 Ex
1296 880 1381 966 hoc
1402 883 1539 993 apices·
1567 879 1856 974 nobiliffirnutn

490 1065 493 1073 -
569 917 739 1090 ascetum
767 997 1009 1109 excipiunt.
1034 993 1114 1078 Hic
1142 989 1203 1079 est
1231 994 1306 1108 qui
1332 1017 1388 1078 ex
1414 993 1681 1108 receptaculo
1710 995 1853 1094 stillat,

603 1116 644 1200 ui
685 1101 954 1225 complicatas
996 1103 1152 1191 serninis
1181 1128 1318 1220 partes
1345 1102 1477 1203 subit,
1519 1108 1855 1224 explicaretque

568 1143 785 1312 sinendis.
815 1227 910 1308 Hoc
940 1243 1077 1306 autern
1106 1242 1192 1331 qua
1221 1219 1442 1337 contingat
1467 1222 1654 1319 ratione,
1684 1223 1859 1332 conjicit

569 1335 686 1428 'endo
715 1335 945 1449 subjiciam.
1521 1391 1526 1404 ι
1841 1355 1854 1405 -'

628 1449 841 1561 Principio
865 1451 1004 1534 autern
1027 1437 1284 1535 curnllorutn
1304 1442 1371 1532 alii
1390 1441 1443 1532 de
1464 1445 1663 1534 interiore
1687 1447 1744 1538 sui
1766 1475 1858 1566 pars

574 1581 616 1648 te
645 1557 825 1649 frustum
853 1558 1117 1672 producant,
1161 1555 1229 1642 alii
1256 1558 1309 1644 de
1336 1551 1568 1658 inferiore,
1600 1561 1738 1648 dicam
1775 1565 1859 1678 pria

575 1701 690 1761 mum
717 1672 770 1756 de
799 1673 938 1786 printis
964 1739 972 1757 .
1000 1671 1054 1754 Hi
1080 1695 1214 1866 ,forro
1243 1667 1310 1760 vel
1335 1664 1480 1790 ¹calyce
1508 1671 1763 1761 instruuntur
1790 1673 1859 1765 vel

576 1789 828 1900 privantur.
868 1782 1004 1868 Flores
1033 1811 1080 1868 ca
1099 1811 1174 1900 yce
1203 1781 1350 1870 donati
1388 1783 1439 1870 ad
1475 1779 1587 1870 hunc
1614 1783 1785 1872 modum
1812 1786 1858 1874 se

576 1899 766 1993 habent,·
803 1898 1029 1980 exteriores
1045 1893 1302 1998 ¹librillarurn
1337 1891 1513 1982 'fasciculi
1545 1899 1860 2015 circunquaque
1980 1923 1983 1928 ·

577 2010 774 2125 produsli
804 2007 985 2129 calycem
1006 2003 1252 2109 efformant,
1277 2009 1352 2132 qui
1374 2029 1599 2121 propterea
1623 2009 1858 2124 plerunque

578 2123 719 2214 viridis
753 2119 811 2206 est
829 2184 840 2221 ,
861 2121 1061 2239 quoniam
1090 2118 1163 2204 illo
1199 2121 1321 2208 succo
1344 2115 1509 2208 utriculi
1541 2124 1587 2210 31
1618 2120 1776 2210 fibrillae
1799 2141 1861 2210 rea

578 2235 767 2353 plentur,
786 2237 861 2350 qui
883 2261 906 2318 a
928 2256 1036 2346 terra
1058 2231 1193 2329 subit,
1217 2255 1307 2352 quo
1332 2233 1456 2318 etiarn
1478 2225 1578 2320 folia
1600 2236 1859 2324 nutriuntur²¹

580 2345 645 2433 nli
681 2345 819 2432 uando
840 2344 997 2461 calyces
1023 2341 1203 2430 colorati
1226 2345 1442 2442 evadunt,
1473 2379 1476 2386 ⁴
1510 2349 1676 2436 uoniam
1707 2345 1793 2434 alia
1816 2347 1862 2432 st·

580 2373 707 2547 brillae
728 2457 776 2540 &
796 2454 958 2546 utriculi
976 2455 1299 2562 interseruntur,
1334 2487 1358 2542 a
1389 2370 1659 2572 pectiliaribus
1693 2457 1862 2546 vasculis

595 2567 810 2656 ›rodauat
838 2568 941 2655 Vasa
957 2591 1093 2684 porro
1113 2567 1337 2684 peculiaria
1356 2571 1401 2653 in
1425 2569 1558 2686 petala
1577 2570 1613 2658 se
1635 2568 1859 2684 explicant,-

581 2597 706 2768 ilclui
726 2680 849 2769 succo
869 2712 916 2767 ea
936 2680 1117 2796 replent,
1141 2709 1234 2800 quae
1254 2744 1267 2779 ,
1288 2709 1383 2770 curn
1406 2687 1627 2772 tenuissima
1648 2683 1744 2779 srnt,
1775 2677 1864 2769 nula

582 2793 713 2910 llsque
739 2792 884 2910 ligneis
914 2792 1069 2906 fibtillis
1098 2792 1286 2892 donata,
1318 2794 1499 2884 citiffirne
1538 2795 1832 2885 contabescunt
1851 2812 1865 2878 5.

582 2911 680 2992 Hoc
699 2927 836 2990 autem
856 2905 1009 2993 accidit
1026 2969 1036 3002 ,
1056 2909 1268 3021 quoniam
1282 2967 1307 3004 ,·
1325 2908 1561 3020 petalorunr
1591 2907 1717 3000 succo
1741 2911 1784 2995 in
1805 2931 1869 2992 rea·

582 3014 847 3132 neptaculum
864 3015 1084 3130 deposrto',
1113 3021 1211 3104 durn
1237 3023 1555 3130 receptaculum.
1567 3027 1708 3142 turget
1730 3087 1743 3121 ,
1779 3023 1869 3110 vasa

587 3126 809 3242 peculiaria
833 3157 926 3244 quae
945 3129 1087 3244 petalis
1107 3131 1269 3217 succunr
1293 3127 1561 3240 praebebant,
1593 3135 1869 3246 comprimite,

585 3241 683 3326 ideo
703 3237 838 3354 ‘petala
856 3240 978 3329 succo
998 3235 1166 3356 spoliata
1186 3234 1403 3354 pallescere
1429 3239 1658 3356 incipiunt,
1679 3247 1730 3327 δε
1755 3244 1875 3329 dein.

578 3353 638 3439 ‘de
662 3352 956 3460 contabescunt
976 3353 1241 3440 &decidunt
1261 3415 1273 3452 ‚
1311 3347 1451 3440 evulsts
1477 3351 1644 3444 vasculis
1667 3356 1709 3440 in
1730 3381 1784 3440 eo
1803 3354 1873 3444 *lut

584 3475 674 3563 co,
704 3459 796 3584 quo
818 3495 917 3553 curn
941 3467 1207 3580 receptaculo
1232 3466 1595 3584 conjungebantur
1621 3531 1632 3554 .
1661 3469 1873 3581 Qemacl·

583 3577 756 3664 nodum
780 3577 945 3692 plantas,
960 3575 1183 3666 autumnali
1196 3577 1440 3691 ,tempestate
1477 3579 1586 3688 foliis
1612 3581 1647 3668 se
1671 3579 1710 3666 se
1729 3580 1753 3666 s
1775 3582 1876 3682 olia-

583 3715 634 3773 re
654 3691 857 3778 videmus.
882 3697 1016 3787 Nam,
1034 3692 1133 3777 dutn
1152 3689 1225 3774 Sol
1244 3689 1440 3805 paulatim
1461 3693 1498 3780 se
1532 3725 1555 3780 a
1586 3693 1711 3782 nobis
1733 3608 1877 3783 subdu«

585 3802 666 3898 cit,
690 3831 758 3888 aer
778 3806 818 3886 in
832 3803 1010 3889 tracheis
1023 3823 1243 3890 contentus
1268 3799 1318 3888 ab
1340 3808 1571 3904 exteriore,
1591 3809 1667 3921 qui
1684 3816 1766 3912 jarn
1785 3828 1879 3924 grat

586 3913 791 4012 vionfir,
823 3916 1107 4028 comprimitur
1132 3977 1150 4014 „
1173 3914 1269 4002 ideo
1291 3915 1335 4002 in
1355 3917 1568 4038 attgustum
1586 3918 1610 3998 s
1631 3916 1756 3998 atium
1776 3919 1879 4000 con'u

586 4027 792 4124 trahitur,
817 4027 864 4113 &
886 4023 1190 4140 circunposrras
1213 4025 1374 4116 fibrillas
1410 3944 1688 4138 utriculosque
1711 4030 1881 4114 nonita·

498 4249 500 4254 Ι
584 4152 721 4257 urget*
743 4181 753 4224 ε
775 4147 915 4244 Quare
937 4138 1122 4226 humoris
1154 4140 1436 4255 reciprocatio
1458 4135 1795 4249 intercipitut‚&
1816 4135 1879 4225 fot

585 4243 846 4344 lialautnore
862 4251 1057 4342 destituta
1089 4251 1143 4346 ad
1164 4253 1566 4364 terramdtfluupt,
1591 4243 1882 4344 uelexsrccata.

748 4427 755 4438 ·
987 4395 999 4418 “’
1071 4397 1106 4408 ’“
1717 4387 1822 4480 Pena:
