4120 5414
660 262 770 360 ·246
932 228 1074 356 Dis
1098 229 1129 324 S
1149 229 1190 330 Ε
1214 221 1373 352 KTA
1394 221 1544 356 Tio

597 378 623 451 .’
660 351 800 454 Prima
823 350 968 480 itaqu'e
995 354 1207 444 maritimis
1226 349 1342 438 locis
1371 350 1561 470 gaudens
1582 355 1711 476 ⁴apud
1721 365 1890 454 Botaui.

603 509 678 570 eos
707 495 971 587 nuncupatur
998 467 1068 555 sub
1097 467 1184 553 hoc
1213 459 1366 551 titulo:
1539 483 1585 502 ···

610 653 612 658 .
658 599 687 676 Ι,
715 589 915 701 Asteriscus
942 592 1156 664 maritr'mus
1191 641 1203 676 ,
1239 588 1416 693 perennis
1453 640 1466 675 ,
1504 583 1658 694 patulus
1685 587 1886 676 Toumef.

711 705 793 812 Just.
823 703 871 787 R.
901 693 1016 778 Herb.
1044 690 1138 795 498.
1166 695 1271 800 Aster
1288 689 1450 805 firpinus
1476 695 1670 806 signastis,
1698 707 1882 800 Siculus,

712 817 864 922 Conyzae
884 812 993 891 odore
1023 807 1146 889 Bocc.
1177 803 1283 914 Muf
1303 829 1338 887 2.
1365 808 1454 886 161.
1732 825 1737 838 '

656 923 830 1012 Summis
857 915 1020 1006 ramulis
1049 915 1093 998 in
1123 915 1277 1003 diversa
1321 914 1582 1002 tendentibus
1612 919 1792 1030 capitula
1822 953 1884 1009 ra-

602 1037 713 1124 diata
737 1032 941 1125 insident,
970 1024 1078 1114 foliis
1107 1025 1301 1142 oblongis
1329 1025 1474 1138 stipata
1502 1027 1620 1141 supra
1650 1035 1769 1118 flores
1797 1035 1882 1121 sur-

603 1151 689 1235 sum
718 1143 891 1259 oblique
920 1137 1134 1256 produstis
1165 1201 1176 1234 ,
1204 1137 1352 1254 quibus
1378 1137 1404 1222 s
1430 1165 1557 1227 uamae
1586 1141 1772 1242 subsunt,
1800 1148 1878 1230 flo-

605 1287 670 1346 res
700 1253 1021 1347 circundantes,
1051 1247 1285 1349 breviores,
1314 1249 1367 1336 acl
1396 1273 1414 1334 t
1446 1252 1621 1340 alarnurn
1648 1255 1798 1352 redtae,
1829 1257 1879 1342 dt

606 1371 720 1456 disco
749 1365 965 1458 altitudine
992 1360 1202 1480 aequales.
1231 1365 1417 1451 Proximi
1446 1367 1569 1449 flores
1596 1361 1880 1454 serniflosculo-

606 1481 634 1567 sr
661 1482 750 1568 sunt
779 1481 820 1561 in
847 1503 1051 1564 coronam
1077 1471 1292 1588 dispositi,
1322 1473 1541 1572 linvulati,
1571 1475 1693 1577 lutei,
1722 1478 1815 1566 sebbi
1834 1484 1879 1566 in

607 1592 794 1708 suprema
823 1611 941 1704 parte
971 1591 1015 1671 in
1043 1586 1187 1673 dentes
1229 1617 1324 1674 cum
1349 1541 1560 1674 fiiirmento
1586 1587 1703 1676 luteo
1738 1589 1882 1680 bifido:

611 1731 696 1824 que
721 1770 733 1789 .
776 1703 849 1788 His
879 1721 1133 1787 coronantur
1160 1695 1365 1786 flosculosr
1393 1699 1688 1814 proprie'di8ti
1718 1765 1730 1800 ,
1762 1702 1883 1814 positi
2030 1719 2031 1724 '

607 1811 653 1899 in
679 1814 824 1908 disco,

606 1925 687 2012 star
714 1838 959 2010 infundiruli
986 1920 1184 2052 globosa,
1224 1925 1273 2011 δι
1310 1923 1647 2045 quinquepartito
1676 1923 1790 2022 secti,
1820 1925 1882 2012 lu-

612 2037 786 2154 teique,
818 2035 968 2120 luteam
996 2056 1102 2121 rntus
1132 2032 1202 2120 fibi
1230 2037 1421 2123 adnatam
1450 2033 1622 2122 ferentes
1651 2040 1878 2153 vaginam,

611 2175 695 2266 qua
733 2145 891 2234 luteum
917 2149 963 2232 δι
991 2148 1108 2346 apice
1148 2145 1364 2236 bifidatutn
1387 2147 1641 2236 filamentum
1669 2149 1882 2250 ambitur.
2030 2135 2032 2164 ¹

887 1811 927 1898 ui
956 1809 1095 1925 petalo
1124 1813 1317 1898 constant
1338 1808 1547 1907 tubulato,
1575 1839 1650 1896 ora
1671 1814 1798 1924 ampli
1820 1819 1882 1899 in-
2030 1869 2031 1882 .

609 2257 797 2350 Floribus
827 2257 1019 2346 arescenti
1050 2285 1117 2355 us,
1145 2258 1392 2384 embryones
1415 2261 1562 2347 semina
1581 2263 1780 2359 evadunt,
1809 2259 1884 2346 ob·
2032 2332 2033 2363 ,

611 2439 728 2574 moli)
759 2481 913 2570 arrnulo
935 2506 1130 2579 ornatur,
1160 2511 1248 2600 quo
1273 2480 1398 2567 flores
1428 2480 1734 2570 circumdantur
1744 2513 1757 2586 3
1789 2511 1893 2568 acu-

610 2373 741 2460 tonos
774 2375 983 2470 ,conica,
1010 2370 1057 2457 &
1080 2369 1273 2490 litigosa,
1302 2393 1485 2498 quorum
1513 2399 1606 2484 pars
1625 2365 1752 2458 la'tior
1769 2373 1888 2492 sque*
2032 2381 2033 2396 ¹

613 2598 722 2682 tiore
751 2615 888 2684 autern
915 2617 1030 2709 parte
1058 2591 1243 2680 thalamo
1267 2595 1466 2683 uniuntur
1484 2592 1656 2714 squamis
1677 2597 1891 2683 acumina,
2033 2698 2034 2714 .

613 2709 664 2794 tis
686 2737 742 2798 ¹ac
770 2709 1028 2792 extremitate
1056 2707 1178 2795 luteis
1206 2705 1419 2821 sejundta.

670 2817 809 2906 Altera
839 2847 970 2934 porro
998 2817 1057 2906 cst

608 3001 615 3014 .
670 2935 719 3018 ii.
775 2933 977 3046 Metiscus
999 2941 1216 3022 maritimus
1250 2995 1264 3030 ,
1302 2965 1444 3019 annuus
1463 2995 1482 3028 ,‚
1507 2938 1658 3049 patulus
1683 2922 1885 3015 Tournef.

720 3047 802 3149 soll.
823 3048 871 3132 R.
891 3045 1005 3128 Herb.
1024 3041 1235 3151 498.1rsser
1252 3057 1421 3152 Atticus,
1449 3049 1583 3140 luteus,
1597 3047 1776 3157 stapinus,
1800 3039 1883 3157 spiq

616 3215 620 3222 ·
728 3157 834 3270 nostes
859 3160 894 3264 J
919 3157 962 3244 B.
992 3183 1028 3240 2.
1053 3181 1170 3260 1045.

668 3271 804 3364 Sunt,
830 3268 1080 3358 Auditores,
1110 3262 1159 3348 &
1185 3263 1227 3346 in
1257 3259 1404 3377 plantis
1432 3264 1587 3352 radiata
1616 3259 1797 3377 capitula
1826 3255 1890 3346 fe-

613 3378 795 3467 rentibus
823 3377 968 3490 spinofi
997 3373 1154 3496 calyces
1184 3404 1198 3477 3
1239 3373 1337 3462 huic
1367 3379 1481 3464 enim
1509 3377 1693 3496 geminus
1722 3373 1890 3492 calyx}

611 3488 767 3578 horum
806 3491 909 3576 alter
947 3492 1134 3576 exterior
1161 3483 1270 3574 foliis
1309 3494 1579 3604 componitur
1608 3486 1889 3606 longiffimis,

610 3597 771 3689 hirsutis
801 3665 812 3698 ,
841 3604 884 3686 in
912 3600 1082 3692 brevem
1109 3599 1296 3688 aculeum
1325 3601 1626 3696 desinentibus,
1690 3599 1804 3685 uibus
1825 3591 1890 3677 dr-

611 3707 697 3799 scus
727 3718 991 3818 coronatum
1023 3713 1127 3799 alter
1155 3741 1260 3803 vero
1289 3715 1460 3799 interior
1483 3625 1738 3802 brevioriius
1765 3701 1890 3789 folio-

612 3815 660 3903 lis
687 3819 766 3912 srve
793 3822 966 3940 squamis
988 3885 1000 3922 ,
1030 3823 1288 3942 aequalibus,
1317 3821 1621 3948 aculeatisque,
1651 3849 1744 3944 quae
1768 3815 1890 3930 supra

613 3928 837 4020 thalamum
874 3943 929 4020 ad
955 3961 1031 4050 per
1063 3935 1293 4024 endiculurn
1333 3941 1538 4058 surgunt.
1576 3933 1715 4023 Flores
1814 3953 1888 4012 ΠΟ

611 4042 655 4126 in
669 4041 995 4154 circumferentia
1024 3963 1320 4136 iimiilosculoti
1345 4047 1465 4146 sunt,
1495 4049 1635 4165 quales
1666 4051 1711 4133 in
1738 4044 1809 4127 ilo
1838 4067 1889 4123 o.

610 4151 853 4258 stendirnus,
880 4185 1055 4266 nurnero
1084 4159 1243 4274 plures,
1266 4185 1313 4248 at
1341 4158 1733 4256 seminedissnniles',
1763 4152 1887 4272 quip-

611 4287 668 4384 pe
691 4270 929 4403 'oblongum
956 4266 1113 4374 ferunt,
1142 4271 1333 4389 planum,
1362 4271 1600 4396 annulisque
1638 4295 1818 4464 carens&
1840 4273 1890 4354 ln
