<?xml version="1.0" encoding="UTF-8"?>
<!DOCTYPE html PUBLIC "-//W3C//DTD XHTML 1.0 Transitional//EN"
    "http://www.w3.org/TR/xhtml1/DTD/xhtml1-transitional.dtd">
<html xmlns="http://www.w3.org/1999/xhtml" xml:lang="en" lang="en">
 <head>
  <title>
</title>
<meta http-equiv="Content-Type" content="text/html;charset=utf-8" />
  <meta name='ocr-system' content='tesseract 3.04.00' />
  <meta name='ocr-capabilities' content='ocr_page ocr_carea ocr_par ocr_line ocrx_word'/>
</head>
<body>
  <div class='ocr_page' id='page_1' title='image "./juliipontederae00manfgoog_0127.png"; bbox 0 0 4144 5412; ppageno 0'>
   <div class='ocr_carea' id='block_1_1' title="bbox 625 265 1914 1074">
    <p class='ocr_par' dir='ltr' id='par_1_1' title="bbox 625 265 1914 1074">
     <span class='ocr_line' id='line_1_1' title="bbox 695 265 1725 396; baseline -0.025 -10"><span class='ocrx_word' id='word_1_1' title='bbox 695 287 761 386; x_wconf 63' lang='lat' dir='ltr'>m</span> <span class='ocrx_word' id='word_1_2' title='bbox 902 265 1725 396; x_wconf 37' lang='lat' dir='ltr'>AWTHOLQGJAE‚-</span> 
     </span>
     <span class='ocr_line' id='line_1_2' title="bbox 626 386 1910 505; baseline -0.014 -21"><span class='ocrx_word' id='word_1_3' title='bbox 626 392 740 488; x_wconf 88' lang='lat' dir='ltr'>disco</span> <span class='ocrx_word' id='word_1_4' title='bbox 768 389 969 481; x_wconf 87' lang='lat' dir='ltr'>recedunt</span> <span class='ocrx_word' id='word_1_5' title='bbox 995 388 1034 474; x_wconf 92' lang='lat' dir='ltr'>se</span> <span class='ocrx_word' id='word_1_6' title='bbox 1062 389 1100 475; x_wconf 92' lang='lat' dir='ltr'>se</span> <span class='ocrx_word' id='word_1_7' title='bbox 1132 386 1407 502; x_wconf 81' lang='lat' dir='ltr'>explicantes,</span> <span class='ocrx_word' id='word_1_8' title='bbox 1436 390 1536 476; x_wconf 85' lang='lat' dir='ltr'>Haec</span> <span class='ocrx_word' id='word_1_9' title='bbox 1564 390 1725 473; x_wconf 78' lang='lat' dir='ltr'>carlina</span> <span class='ocrx_word' id='word_1_10' title='bbox 1751 387 1910 505; x_wconf 68' lang='lat' dir='ltr'>capitu,</span> 
     </span>
     <span class='ocr_line' id='line_1_3' title="bbox 625 497 1914 627; baseline -0.01 -27"><span class='ocrx_word' id='word_1_11' title='bbox 625 505 668 600; x_wconf 84' lang='lat' dir='ltr'>la</span> <span class='ocrx_word' id='word_1_12' title='bbox 696 505 875 600; x_wconf 84' lang='lat' dir='ltr'>casarum</span> <span class='ocrx_word' id='word_1_13' title='bbox 901 501 1082 619; x_wconf 85' lang='lat' dir='ltr'>postibus.</span> <span class='ocrx_word' id='word_1_14' title='bbox 1112 502 1234 614; x_wconf 78' lang='lat' dir='ltr'>affixa</span> <span class='ocrx_word' id='word_1_15' title='bbox 1271 499 1399 614; x_wconf 85' lang='lat' dir='ltr'>veluti</span> <span class='ocrx_word' id='word_1_16' title='bbox 1439 497 1546 596; x_wconf 85' lang='lat' dir='ltr'>rude</span> <span class='ocrx_word' id='word_1_17' title='bbox 1584 499 1802 627; x_wconf 82' lang='lat' dir='ltr'><strong>quoddam</strong></span> <span class='ocrx_word' id='word_1_18' title='bbox 1837 505 1914 587; x_wconf 78' lang='lat' dir='ltr'>Ba-</span> 
     </span>
     <span class='ocr_line' id='line_1_4' title="bbox 626 609 1911 727; baseline -0.005 -20"><span class='ocrx_word' id='word_1_19' title='bbox 626 643 859 707; x_wconf 88' lang='lat' dir='ltr'>rumetrum</span> <span class='ocrx_word' id='word_1_20' title='bbox 880 617 931 701; x_wconf 93' lang='lat' dir='ltr'>ad</span> <span class='ocrx_word' id='word_1_21' title='bbox 951 609 1253 727; x_wconf 71' lang='lat' dir='ltr'>explorandam</span> <span class='ocrx_word' id='word_1_22' title='bbox 1274 615 1375 700; x_wconf 87' lang='lat' dir='ltr'>aerls</span> <span class='ocrx_word' id='word_1_23' title='bbox 1401 613 1690 700; x_wconf 80' lang='lat' dir='ltr'>conditionem</span> <span class='ocrx_word' id='word_1_24' title='bbox 1711 613 1911 701; x_wconf 86' lang='lat' dir='ltr'>adhibent</span> 
     </span>
     <span class='ocr_line' id='line_1_5' title="bbox 626 721 1906 850; baseline -0.013 -27"><span class='ocrx_word' id='word_1_25' title='bbox 626 729 833 848; x_wconf 84' lang='lat' dir='ltr'>pastores,</span> <span class='ocrx_word' id='word_1_26' title='bbox 862 723 1116 850; x_wconf 86' lang='lat' dir='ltr'>Alpiumque</span> <span class='ocrx_word' id='word_1_27' title='bbox 1144 723 1312 844; x_wconf 76' lang='lat' dir='ltr'>incolae.</span> <span class='ocrx_word' id='word_1_28' title='bbox 1341 721 1491 814; x_wconf 88' lang='lat' dir='ltr'>Clausts</span> <span class='ocrx_word' id='word_1_29' title='bbox 1521 723 1718 846; x_wconf 82' lang='lat' dir='ltr'>siquidem</span> <span class='ocrx_word' id='word_1_30' title='bbox 1744 731 1906 813; x_wconf 78' lang='lat' dir='ltr'>carlina</span> 
     </span>
     <span class='ocr_line' id='line_1_6' title="bbox 627 835 1907 957; baseline -0.006 -27"><span class='ocrx_word' id='word_1_31' title='bbox 627 839 850 957; x_wconf 89' lang='lat' dir='ltr'>capitulis,</span> <span class='ocrx_word' id='word_1_32' title='bbox 888 867 979 926; x_wconf 90' lang='lat' dir='ltr'>non</span> <span class='ocrx_word' id='word_1_33' title='bbox 1007 836 1157 952; x_wconf 89' lang='lat' dir='ltr'>procul</span> <span class='ocrx_word' id='word_1_34' title='bbox 1187 837 1238 926; x_wconf 91' lang='lat' dir='ltr'>ab</span> <span class='ocrx_word' id='word_1_35' title='bbox 1267 835 1368 928; x_wconf 88' lang='lat' dir='ltr'>ovili</span> <span class='ocrx_word' id='word_1_36' title='bbox 1396 864 1544 955; x_wconf 84' lang='lat' dir='ltr'>greges</span> <span class='ocrx_word' id='word_1_37' title='bbox 1590 865 1713 957; x_wconf 85' lang='lat' dir='ltr'>agere</span> <span class='ocrx_word' id='word_1_38' title='bbox 1754 836 1907 922; x_wconf 85' lang='lat' dir='ltr'><strong>solent:</strong></span> 
     </span>
     <span class='ocr_line' id='line_1_7' title="bbox 627 947 1911 1074; baseline -0.012 -29"><span class='ocrx_word' id='word_1_39' title='bbox 627 980 672 1046; x_wconf 87' lang='lat' dir='ltr'>at</span> <span class='ocrx_word' id='word_1_40' title='bbox 700 955 852 1068; x_wconf 87' lang='lat' dir='ltr'>apertis</span> <span class='ocrx_word' id='word_1_41' title='bbox 882 951 1187 1074; x_wconf 84' lang='lat' dir='ltr'>&amp;patentibus</span> <span class='ocrx_word' id='word_1_42' title='bbox 1208 951 1348 1052; x_wconf 85' lang='lat' dir='ltr'>discis,</span> <span class='ocrx_word' id='word_1_43' title='bbox 1376 953 1527 1040; x_wconf 85' lang='lat' dir='ltr'>sutnma</span> <span class='ocrx_word' id='word_1_44' title='bbox 1547 951 1760 1040; x_wconf 87' lang='lat' dir='ltr'>cacumina</span> <span class='ocrx_word' id='word_1_45' title='bbox 1783 947 1911 1035; x_wconf 86' lang='lat' dir='ltr'>fiden-</span> 
     </span>
    </p>
   </div>
   <div class='ocr_carea' id='block_1_2' title="bbox 616 1086 1912 1853">
    <p class='ocr_par' dir='ltr' id='par_1_2' title="bbox 616 1086 1912 1853">
     <span class='ocr_line' id='line_1_8' title="bbox 628 1086 1881 1158; baseline -0.002 -7"><span class='ocrx_word' id='word_1_46' title='bbox 628 1089 754 1158; x_wconf 85' lang='lat' dir='ltr'>tiores</span> <span class='ocrx_word' id='word_1_47' title='bbox 842 1086 954 1158; x_wconf 85' lang='lat' dir='ltr'>tunt.</span> <span class='ocrx_word' id='word_1_48' title='bbox 1877 1113 1881 1126; x_wconf 87' lang='lat'>·</span> 
     </span>
     <span class='ocr_line' id='line_1_9' title="bbox 627 1091 1912 1292; baseline 0 -36"><span class='ocrx_word' id='word_1_49' title='bbox 627 1189 651 1256; x_wconf 71' lang='lat'>.²</span> <span class='ocrx_word' id='word_1_50' title='bbox 681 1091 1000 1264; x_wconf 63' lang='lat' dir='ltr'>Noaplbnnilis</span> <span class='ocrx_word' id='word_1_51' title='bbox 1029 1180 1211 1292; x_wconf 87' lang='lat' dir='ltr'>partium</span> <span class='ocrx_word' id='word_1_52' title='bbox 1249 1173 1461 1290; x_wconf 78' lang='lat' dir='ltr'>dispositio</span> <span class='ocrx_word' id='word_1_53' title='bbox 1489 1207 1538 1263; x_wconf 85' lang='lat' dir='ltr'>ea</span> <span class='ocrx_word' id='word_1_54' title='bbox 1580 1174 1700 1264; x_wconf 73' lang='lat' dir='ltr'>miht‘</span> <span class='ocrx_word' id='word_1_55' title='bbox 1720 1171 1801 1264; x_wconf 90' lang='lat' dir='ltr'>visa</span> <span class='ocrx_word' id='word_1_56' title='bbox 1822 1167 1912 1268; x_wconf 72' lang='lat' dir='ltr'>tlt,</span> 
     </span>
     <span class='ocr_line' id='line_1_10' title="bbox 616 1289 1903 1406; baseline -0.001 -33"><span class='ocrx_word' id='word_1_57' title='bbox 616 1313 755 1404; x_wconf 72' lang='lat' dir='ltr'>quam</span> <span class='ocrx_word' id='word_1_58' title='bbox 773 1289 826 1376; x_wconf 90' lang='lat' dir='ltr'>in</span> <span class='ocrx_word' id='word_1_59' title='bbox 855 1290 1003 1384; x_wconf 72' lang='lat' dir='ltr'>calebit</span> <span class='ocrx_word' id='word_1_60' title='bbox 1028 1317 1115 1376; x_wconf 89' lang='lat' dir='ltr'>non</span> <span class='ocrx_word' id='word_1_61' title='bbox 1145 1292 1201 1374; x_wconf 88' lang='lat' dir='ltr'>ita</span> <span class='ocrx_word' id='word_1_62' title='bbox 1230 1290 1660 1406; x_wconf 86' lang='lat' dir='ltr'>pridemobservavi.</span> <span class='ocrx_word' id='word_1_63' title='bbox 1898 1379 1903 1386; x_wconf 70' lang='grc'>,</span> 
     </span>
     <span class='ocr_line' id='line_1_11' title="bbox 683 1402 1905 1520; baseline -0.004 -31"><span class='ocrx_word' id='word_1_64' title='bbox 683 1402 848 1499; x_wconf 78' lang='lat' dir='ltr'>caltha,</span> <span class='ocrx_word' id='word_1_65' title='bbox 884 1429 1042 1519; x_wconf 65' lang='lat' dir='ltr'>exgr„</span> <span class='ocrx_word' id='word_1_66' title='bbox 1070 1408 1264 1518; x_wconf 80' lang='lat' dir='ltr'>vulgaris,</span> <span class='ocrx_word' id='word_1_67' title='bbox 1280 1405 1382 1512; x_wconf 81' lang='lat' dir='ltr'>flore</span> <span class='ocrx_word' id='word_1_68' title='bbox 1400 1407 1544 1520; x_wconf 79' lang='lat' dir='ltr'>pallido</span> <span class='ocrx_word' id='word_1_69' title='bbox 1572 1405 1621 1484; x_wconf 90' lang='lat' dir='ltr'>C.</span> <span class='ocrx_word' id='word_1_70' title='bbox 1646 1405 1688 1485; x_wconf 88' lang='grc' dir='ltr'>Β.</span> <span class='ocrx_word' id='word_1_71' title='bbox 1710 1409 1790 1484; x_wconf 80' lang='lat' dir='ltr'>Pin.</span> <span class='ocrx_word' id='word_1_72' title='bbox 1814 1428 1905 1510; x_wconf 86' lang='lat'>275.</span> 
     </span>
     <span class='ocr_line' id='line_1_12' title="bbox 633 1511 1907 1624; baseline -0.003 -28"><span class='ocrx_word' id='word_1_73' title='bbox 633 1571 634 1576; x_wconf 55' lang='lat'><em>=</em></span> <span class='ocrx_word' id='word_1_74' title='bbox 740 1512 788 1596; x_wconf 70' lang='grc' dir='ltr'>δέ</span> <span class='ocrx_word' id='word_1_75' title='bbox 816 1511 1018 1604; x_wconf 85' lang='lat' dir='ltr'>Tournef.</span> <span class='ocrx_word' id='word_1_76' title='bbox 1056 1519 1137 1623; x_wconf 76' lang='lat' dir='ltr'>Iast-</span> <span class='ocrx_word' id='word_1_77' title='bbox 1167 1516 1224 1605; x_wconf 88' lang='lat' dir='ltr'>R.</span> <span class='ocrx_word' id='word_1_78' title='bbox 1253 1516 1368 1601; x_wconf 83' lang='lat' dir='ltr'>Herb.</span> <span class='ocrx_word' id='word_1_79' title='bbox 1394 1516 1487 1622; x_wconf 72' lang='lat'>498.</span> <span class='ocrx_word' id='word_1_80' title='bbox 1531 1515 1742 1599; x_wconf 75' lang='lat' dir='ltr'>calandria</span> <span class='ocrx_word' id='word_1_81' title='bbox 1770 1513 1907 1624; x_wconf 77' lang='lat' dir='ltr'>sativa</span> 
     </span>
     <span class='ocr_line' id='line_1_13' title="bbox 738 1622 1716 1738; baseline -0.003 -30"><span class='ocrx_word' id='word_1_82' title='bbox 738 1622 917 1720; x_wconf 83' lang='lat' dir='ltr'>Tabetn‚</span> <span class='ocrx_word' id='word_1_83' title='bbox 945 1642 1036 1716; x_wconf 76' lang='lat' dir='ltr'>Iton.</span> <span class='ocrx_word' id='word_1_84' title='bbox 1066 1659 1145 1738; x_wconf 86' lang='lat'>33⁰</span> <span class='ocrx_word' id='word_1_85' title='bbox 1257 1682 1261 1688; x_wconf 94' lang='lat'><em>-</em></span> <span class='ocrx_word' id='word_1_86' title='bbox 1705 1655 1716 1704; x_wconf 72' lang='grc'>.’</span> 
     </span>
     <span class='ocr_line' id='line_1_14' title="bbox 624 1732 1905 1853; baseline 0.003 -33"><span class='ocrx_word' id='word_1_87' title='bbox 624 1732 793 1828; x_wconf 74' lang='lat' dir='ltr'>radiatio</span> <span class='ocrx_word' id='word_1_88' title='bbox 822 1759 992 1824; x_wconf 89' lang='lat' dir='ltr'>ornatur</span> <span class='ocrx_word' id='word_1_89' title='bbox 1020 1738 1239 1853; x_wconf 83' lang='lat' dir='ltr'>capitulis,</span> <span class='ocrx_word' id='word_1_90' title='bbox 1280 1733 1429 1825; x_wconf 81' lang='lat' dir='ltr'>folioso</span> <span class='ocrx_word' id='word_1_91' title='bbox 1458 1737 1598 1846; x_wconf 73' lang='lat' dir='ltr'>calvce</span> <span class='ocrx_word' id='word_1_92' title='bbox 1643 1737 1905 1850; x_wconf 78' lang='lat' dir='ltr'>compositis.¹</span> 
     </span>
    </p>
   </div>
   <div class='ocr_carea' id='block_1_3' title="bbox 487 1841 1909 2076">
    <p class='ocr_par' dir='ltr' id='par_1_3' title="bbox 487 1841 1909 2076">
     <span class='ocr_line' id='line_1_15' title="bbox 487 1841 1907 1966; baseline -0.005 -28"><span class='ocrx_word' id='word_1_93' title='bbox 487 1860 490 1870; x_wconf 90' lang='lat'>&#39;</span> <span class='ocrx_word' id='word_1_94' title='bbox 623 1841 832 1938; x_wconf 73' lang='lat' dir='ltr'>De‘orsum</span> <span class='ocrx_word' id='word_1_95' title='bbox 859 1853 1014 1937; x_wconf 81' lang='lat' dir='ltr'>reflexo</span> <span class='ocrx_word' id='word_1_96' title='bbox 1045 1849 1218 1966; x_wconf 85' lang='lat' dir='ltr'>calyce,</span> <span class='ocrx_word' id='word_1_97' title='bbox 1246 1849 1498 1938; x_wconf 87' lang='lat' dir='ltr'>serniflosculi</span> <span class='ocrx_word' id='word_1_98' title='bbox 1523 1845 1791 1947; x_wconf 79' lang='lat' dir='ltr'>occurrunt,</span> <span class='ocrx_word' id='word_1_99' title='bbox 1830 1848 1907 1932; x_wconf 90' lang='lat' dir='ltr'>lin-</span> 
     </span>
     <span class='ocr_line' id='line_1_16' title="bbox 491 1957 1909 2076; baseline -0.018 -10"><span class='ocrx_word' id='word_1_100' title='bbox 491 1988 509 2022; x_wconf 80' lang='grc'>“’</span> <span class='ocrx_word' id='word_1_101' title='bbox 622 1957 788 2076; x_wconf 78' lang='lat' dir='ltr'>galati,</span> <span class='ocrx_word' id='word_1_102' title='bbox 815 1960 993 2062; x_wconf 74' lang='lat' dir='ltr'>luleoli,</span> <span class='ocrx_word' id='word_1_103' title='bbox 1032 1965 1185 2058; x_wconf 82' lang='lat' dir='ltr'>intres</span> <span class='ocrx_word' id='word_1_104' title='bbox 1222 1965 1366 2050; x_wconf 85' lang='lat' dir='ltr'>dentes</span> <span class='ocrx_word' id='word_1_105' title='bbox 1395 1965 1437 2050; x_wconf 89' lang='lat' dir='ltr'>in</span> <span class='ocrx_word' id='word_1_106' title='bbox 1480 1965 1742 2056; x_wconf 81' lang='lat' dir='ltr'>extremitate</span> <span class='ocrx_word' id='word_1_107' title='bbox 1779 1959 1909 2058; x_wconf 73' lang='lat' dir='ltr'>teet,</span> 
     </span>
    </p>
   </div>
   <div class='ocr_carea' id='block_1_4' title="bbox 616 2073 1904 4536">
    <p class='ocr_par' dir='ltr' id='par_1_4' title="bbox 616 2073 1904 4536">
     <span class='ocr_line' id='line_1_17' title="bbox 624 2073 1904 2187; baseline -0.002 -29"><span class='ocrx_word' id='word_1_108' title='bbox 624 2077 818 2187; x_wconf 86' lang='lat' dir='ltr'>quorum</span> <span class='ocrx_word' id='word_1_109' title='bbox 836 2075 943 2164; x_wconf 83' lang='lat' dir='ltr'>tubae</span> <span class='ocrx_word' id='word_1_110' title='bbox 971 2075 1134 2177; x_wconf 82' lang='lat' dir='ltr'>bifida,</span> <span class='ocrx_word' id='word_1_111' title='bbox 1174 2107 1222 2165; x_wconf 89' lang='lat' dir='ltr'>ac</span> <span class='ocrx_word' id='word_1_112' title='bbox 1249 2077 1370 2164; x_wconf 85' lang='lat' dir='ltr'>luteae</span> <span class='ocrx_word' id='word_1_113' title='bbox 1399 2073 1487 2162; x_wconf 87' lang='lat' dir='ltr'>sunt</span> <span class='ocrx_word' id='word_1_114' title='bbox 1513 2139 1522 2160; x_wconf 90' lang='lat'>.</span> <span class='ocrx_word' id='word_1_115' title='bbox 1548 2076 1651 2160; x_wconf 91' lang='lat' dir='ltr'>Emb</span> <span class='ocrx_word' id='word_1_116' title='bbox 1704 2098 1804 2156; x_wconf 90' lang='lat' dir='ltr'>ones</span> <span class='ocrx_word' id='word_1_117' title='bbox 1835 2097 1904 2156; x_wconf 78' lang='lat' dir='ltr'>au-</span> 
     </span>
     <span class='ocr_line' id='line_1_18' title="bbox 623 2182 1904 2301; baseline -0.006 -27"><span class='ocrx_word' id='word_1_118' title='bbox 623 2206 711 2297; x_wconf 72' lang='lat' dir='ltr'>tern</span> <span class='ocrx_word' id='word_1_119' title='bbox 739 2185 909 2301; x_wconf 83' lang='lat' dir='ltr'>capsulae</span> <span class='ocrx_word' id='word_1_120' title='bbox 936 2187 1039 2282; x_wconf 88' lang='lat' dir='ltr'>fiunt</span> <span class='ocrx_word' id='word_1_121' title='bbox 1067 2217 1234 2287; x_wconf 81' lang='lat' dir='ltr'>curvor,</span> <span class='ocrx_word' id='word_1_122' title='bbox 1261 2191 1334 2274; x_wconf 86' lang='lat' dir='ltr'>alis</span> <span class='ocrx_word' id='word_1_123' title='bbox 1363 2182 1514 2274; x_wconf 81' lang='lat' dir='ltr'>foliosis</span> <span class='ocrx_word' id='word_1_124' title='bbox 1544 2183 1669 2270; x_wconf 83' lang='lat' dir='ltr'>instru</span> <span class='ocrx_word' id='word_1_125' title='bbox 1714 2211 1779 2280; x_wconf 84' lang='lat' dir='ltr'>ae,</span> <span class='ocrx_word' id='word_1_126' title='bbox 1808 2207 1904 2296; x_wconf 84' lang='lat' dir='ltr'>quae</span> 
     </span>
     <span class='ocr_line' id='line_1_19' title="bbox 623 2292 1903 2419; baseline -0.003 -35"><span class='ocrx_word' id='word_1_127' title='bbox 623 2296 817 2407; x_wconf 84' lang='lat' dir='ltr'>capsulae,</span> <span class='ocrx_word' id='word_1_128' title='bbox 847 2299 996 2391; x_wconf 85' lang='lat' dir='ltr'>Austro</span> <span class='ocrx_word' id='word_1_129' title='bbox 1024 2303 1219 2414; x_wconf 79' lang='lat' dir='ltr'>spirante,</span> <span class='ocrx_word' id='word_1_130' title='bbox 1248 2302 1764 2419; x_wconf 72' lang='lat' dir='ltr'>nosturnoquetcmpore</span> <span class='ocrx_word' id='word_1_131' title='bbox 1784 2292 1903 2406; x_wconf 81' lang='lat' dir='ltr'>supra</span> 
     </span>
     <span class='ocr_line' id='line_1_20' title="bbox 626 2407 1901 2546; baseline -0.002 -52"><span class='ocrx_word' id='word_1_132' title='bbox 626 2409 784 2500; x_wconf 75' lang='lat' dir='ltr'>discum</span> <span class='ocrx_word' id='word_1_133' title='bbox 808 2407 1076 2509; x_wconf 81' lang='lat' dir='ltr'>descendunt,</span> <span class='ocrx_word' id='word_1_134' title='bbox 1105 2409 1347 2507; x_wconf 82' lang='lat' dir='ltr'>thalamum,</span> <span class='ocrx_word' id='word_1_135' title='bbox 1376 2439 1432 2510; x_wconf 80' lang='lat' dir='ltr'>cit</span> <span class='ocrx_word' id='word_1_136' title='bbox 1459 2437 1549 2546; x_wconf 77' lang='lat' dir='ltr'>¹quo</span> <span class='ocrx_word' id='word_1_137' title='bbox 1572 2407 1808 2498; x_wconf 85' lang='lat' dir='ltr'>alimentum</span> <span class='ocrx_word' id='word_1_138' title='bbox 1830 2407 1901 2492; x_wconf 86' lang='lat' dir='ltr'>ha-</span> 
     </span>
     <span class='ocr_line' id='line_1_21' title="bbox 625 2519 1901 2644; baseline 0.003 -40"><span class='ocrx_word' id='word_1_139' title='bbox 625 2519 749 2616; x_wconf 88' lang='lat' dir='ltr'>bent,</span> <span class='ocrx_word' id='word_1_140' title='bbox 781 2524 1110 2633; x_wconf 85' lang='lat' dir='ltr'>cooperientes,</span> <span class='ocrx_word' id='word_1_141' title='bbox 1142 2551 1195 2611; x_wconf 92' lang='lat' dir='ltr'>ne</span> <span class='ocrx_word' id='word_1_142' title='bbox 1225 2553 1333 2644; x_wconf 91' lang='lat' dir='ltr'>aqua</span> <span class='ocrx_word' id='word_1_143' title='bbox 1363 2543 1434 2608; x_wconf 90' lang='lat' dir='ltr'>aut</span> <span class='ocrx_word' id='word_1_144' title='bbox 1458 2550 1541 2608; x_wconf 84' lang='lat' dir='ltr'>ros·</span> <span class='ocrx_word' id='word_1_145' title='bbox 1558 2519 1689 2637; x_wconf 83' lang='lat' dir='ltr'>ipsum</span> <span class='ocrx_word' id='word_1_146' title='bbox 1715 2547 1901 2608; x_wconf 78' lang='lat' dir='ltr'>corrum-</span> 
     </span>
     <span class='ocr_line' id='line_1_22' title="bbox 624 2630 1897 2748; baseline -0.002 -32"><span class='ocrx_word' id='word_1_147' title='bbox 624 2631 1001 2748; x_wconf 68' lang='lat' dir='ltr'>pant,&#39;uitienrque</span> <span class='ocrx_word' id='word_1_148' title='bbox 1020 2636 1183 2722; x_wconf 91' lang='lat' dir='ltr'>succos.</span> <span class='ocrx_word' id='word_1_149' title='bbox 1211 2643 1321 2720; x_wconf 87' lang='lat' dir='ltr'>luter</span> <span class='ocrx_word' id='word_1_150' title='bbox 1349 2637 1580 2720; x_wconf 80' lang='lat' dir='ltr'>exteriores</span> <span class='ocrx_word' id='word_1_151' title='bbox 1601 2633 1780 2748; x_wconf 83' lang='lat' dir='ltr'>capsulas</span> <span class='ocrx_word' id='word_1_152' title='bbox 1809 2630 1897 2717; x_wconf 88' lang='lat' dir='ltr'>aliae</span> 
     </span>
     <span class='ocr_line' id='line_1_23' title="bbox 624 2740 1901 2864; baseline -0.003 -32"><span class='ocrx_word' id='word_1_153' title='bbox 624 2743 807 2832; x_wconf 75' lang='lat' dir='ltr'>mitiores</span> <span class='ocrx_word' id='word_1_154' title='bbox 836 2743 1117 2845; x_wconf 80' lang='lat' dir='ltr'>collocantur,</span> <span class='ocrx_word' id='word_1_155' title='bbox 1147 2773 1328 2864; x_wconf 89' lang='lat' dir='ltr'>quorum</span> <span class='ocrx_word' id='word_1_156' title='bbox 1355 2773 1500 2835; x_wconf 86' lang='lat' dir='ltr'>tnunus</span> <span class='ocrx_word' id='word_1_157' title='bbox 1528 2748 1640 2834; x_wconf 89' lang='lat' dir='ltr'>idem</span> <span class='ocrx_word' id='word_1_158' title='bbox 1670 2740 1746 2840; x_wconf 81' lang='lat' dir='ltr'>ess&#39;e</span> <span class='ocrx_word' id='word_1_159' title='bbox 1775 2769 1901 2860; x_wconf 75' lang='lat' dir='ltr'>appa-</span> 
     </span>
     <span class='ocr_line' id='line_1_24' title="bbox 621 2855 1900 2974; baseline 0.002 -34"><span class='ocrx_word' id='word_1_160' title='bbox 621 2873 709 2940; x_wconf 89' lang='lat' dir='ltr'>ret.</span> <span class='ocrx_word' id='word_1_161' title='bbox 739 2856 976 2942; x_wconf 88' lang='lat' dir='ltr'>Accedente</span> <span class='ocrx_word' id='word_1_162' title='bbox 1006 2883 1141 2948; x_wconf 86' lang='lat' dir='ltr'>autem</span> <span class='ocrx_word' id='word_1_163' title='bbox 1170 2857 1261 2946; x_wconf 89' lang='lat' dir='ltr'>solis</span> <span class='ocrx_word' id='word_1_164' title='bbox 1291 2858 1462 2956; x_wconf 91' lang='lat' dir='ltr'>calore,</span> <span class='ocrx_word' id='word_1_165' title='bbox 1491 2855 1767 2974; x_wconf 86' lang='lat' dir='ltr'>appendicula</span> <span class='ocrx_word' id='word_1_166' title='bbox 1790 2885 1900 2972; x_wconf 87' lang='lat' dir='ltr'>quae-</span> 
     </span>
     <span class='ocr_line' id='line_1_25' title="bbox 622 2959 1899 3086; baseline 0.002 -35"><span class='ocrx_word' id='word_1_167' title='bbox 622 2965 720 3063; x_wconf 87' lang='lat' dir='ltr'>dam</span> <span class='ocrx_word' id='word_1_168' title='bbox 748 2959 935 3064; x_wconf 76' lang='lat' dir='ltr'>inferioti</span> <span class='ocrx_word' id='word_1_169' title='bbox 965 2971 1217 3086; x_wconf 84' lang='lat' dir='ltr'>cap&#39;sularurn</span> <span class='ocrx_word' id='word_1_170' title='bbox 1244 2972 1495 3058; x_wconf 84' lang='lat' dir='ltr'>extremitati</span> <span class='ocrx_word' id='word_1_171' title='bbox 1519 2971 1737 3061; x_wconf 90' lang='lat' dir='ltr'>introrsum</span> <span class='ocrx_word' id='word_1_172' title='bbox 1766 2995 1899 3086; x_wconf 87' lang='lat' dir='ltr'>appo-</span> 
     </span>
     <span class='ocr_line' id='line_1_26' title="bbox 622 3077 1901 3196; baseline -0.001 -30"><span class='ocrx_word' id='word_1_173' title='bbox 622 3077 715 3170; x_wconf 76' lang='lat' dir='ltr'>scta,</span> <span class='ocrx_word' id='word_1_174' title='bbox 742 3105 838 3196; x_wconf 77' lang='lat' dir='ltr'>quae</span> <span class='ocrx_word' id='word_1_175' title='bbox 865 3083 922 3170; x_wconf 86' lang='lat' dir='ltr'>ob</span> <span class='ocrx_word' id='word_1_176' title='bbox 952 3111 1088 3176; x_wconf 84' lang='lat' dir='ltr'>aetem</span> <span class='ocrx_word' id='word_1_177' title='bbox 1115 3081 1330 3172; x_wconf 87' lang='lat' dir='ltr'>humidum</span> <span class='ocrx_word' id='word_1_178' title='bbox 1357 3081 1504 3168; x_wconf 86' lang='lat' dir='ltr'>flacida</span> <span class='ocrx_word' id='word_1_179' title='bbox 1531 3083 1581 3166; x_wconf 86' lang='lat'>&amp;</span> <span class='ocrx_word' id='word_1_180' title='bbox 1607 3084 1821 3168; x_wconf 67' lang='lat' dir='ltr'>contrella</span> <span class='ocrx_word' id='word_1_181' title='bbox 1842 3089 1901 3194; x_wconf 84' lang='lat' dir='ltr'>ja-¹</span> 
     </span>
     <span class='ocr_line' id='line_1_27' title="bbox 623 3189 1903 3316; baseline 0.004 -40"><span class='ocrx_word' id='word_1_182' title='bbox 623 3189 764 3286; x_wconf 64' lang='lat' dir='ltr'>cebet,</span> <span class='ocrx_word' id='word_1_183' title='bbox 800 3195 970 3310; x_wconf 80' lang='lat' dir='ltr'>erigitur</span> <span class='ocrx_word' id='word_1_184' title='bbox 996 3197 1356 3316; x_wconf 64' lang='lat' dir='ltr'>distenditurquet</span> <span class='ocrx_word' id='word_1_185' title='bbox 1388 3199 1477 3278; x_wconf 90' lang='lat' dir='ltr'>Hac</span> <span class='ocrx_word' id='word_1_186' title='bbox 1506 3193 1645 3311; x_wconf 87' lang='lat' dir='ltr'>itaque</span> <span class='ocrx_word' id='word_1_187' title='bbox 1673 3197 1719 3280; x_wconf 92' lang='lat' dir='ltr'>in</span> <span class='ocrx_word' id='word_1_188' title='bbox 1744 3191 1903 3285; x_wconf 83' lang='lat' dir='ltr'>discum</span> 
     </span>
     <span class='ocr_line' id='line_1_28' title="bbox 621 3301 1901 3426; baseline 0.008 -42"><span class='ocrx_word' id='word_1_189' title='bbox 621 3301 800 3398; x_wconf 88' lang='lat' dir='ltr'>nitente,</span> <span class='ocrx_word' id='word_1_190' title='bbox 830 3307 1002 3421; x_wconf 73' lang='lat' dir='ltr'>capsula</span> <span class='ocrx_word' id='word_1_191' title='bbox 1026 3305 1340 3426; x_wconf 54' lang='lat' dir='ltr'>trigundum&amp;</span> <span class='ocrx_word' id='word_1_192' title='bbox 1367 3308 1422 3392; x_wconf 87' lang='lat' dir='ltr'>ira</span> <span class='ocrx_word' id='word_1_193' title='bbox 1450 3303 1577 3390; x_wconf 86' lang='lat' dir='ltr'>discus</span> <span class='ocrx_word' id='word_1_194' title='bbox 1609 3309 1815 3422; x_wconf 90' lang='lat' dir='ltr'>aperitur,</span> <span class='ocrx_word' id='word_1_195' title='bbox 1847 3335 1901 3394; x_wconf 86' lang='lat' dir='ltr'>ac</span> 
     </span>
     <span class='ocr_line' id='line_1_29' title="bbox 620 3419 1899 3610; baseline 0.005 -110"><span class='ocrx_word' id='word_1_196' title='bbox 620 3435 807 3610; x_wconf 68' lang='lat' dir='ltr'>tepentes</span> <span class='ocrx_word' id='word_1_197' title='bbox 837 3448 952 3507; x_wconf 88' lang='lat' dir='ltr'>auras</span> <span class='ocrx_word' id='word_1_198' title='bbox 982 3421 1191 3510; x_wconf 89' lang='lat' dir='ltr'>admittit.</span> <span class='ocrx_word' id='word_1_199' title='bbox 1216 3421 1453 3507; x_wconf 77' lang='lat' dir='ltr'>Sciendum</span> <span class='ocrx_word' id='word_1_200' title='bbox 1481 3419 1603 3504; x_wconf 88' lang='lat' dir='ltr'>etiarn</span> <span class='ocrx_word' id='word_1_201' title='bbox 1632 3421 1691 3508; x_wconf 85' lang='lat' dir='ltr'>est</span> <span class='ocrx_word' id='word_1_202' title='bbox 1709 3481 1721 3518; x_wconf 92' lang='lat'>,</span> <span class='ocrx_word' id='word_1_203' title='bbox 1740 3445 1804 3516; x_wconf 80' lang='lat' dir='ltr'>¹nc</span> <span class='ocrx_word' id='word_1_204' title='bbox 1833 3447 1899 3506; x_wconf 84' lang='lat' dir='ltr'>ca-</span> 
     </span>
     <span class='ocr_line' id='line_1_30' title="bbox 618 3525 1903 3641; baseline -0.005 -27"><span class='ocrx_word' id='word_1_205' title='bbox 618 3525 739 3641; x_wconf 84' lang='lat' dir='ltr'>pulae</span> <span class='ocrx_word' id='word_1_206' title='bbox 767 3531 883 3618; x_wconf 89' lang='lat' dir='ltr'>nimis</span> <span class='ocrx_word' id='word_1_207' title='bbox 912 3531 1182 3631; x_wconf 89' lang='lat' dir='ltr'>descendant,</span> <span class='ocrx_word' id='word_1_208' title='bbox 1211 3532 1259 3620; x_wconf 74' lang='grc' dir='ltr'>δι</span> <span class='ocrx_word' id='word_1_209' title='bbox 1288 3557 1383 3619; x_wconf 88' lang='lat' dir='ltr'>ante</span> <span class='ocrx_word' id='word_1_210' title='bbox 1406 3535 1687 3622; x_wconf 83' lang='lat' dir='ltr'>maturitatem</span> <span class='ocrx_word' id='word_1_211' title='bbox 1715 3563 1738 3618; x_wconf 88' lang='lat' dir='ltr'>a</span> <span class='ocrx_word' id='word_1_212' title='bbox 1766 3529 1903 3618; x_wconf 69' lang='lat' dir='ltr'>thala-&#39;-</span> 
     </span>
     <span class='ocr_line' id='line_1_31' title="bbox 617 3639 1895 3770; baseline -0.003 -42"><span class='ocrx_word' id='word_1_213' title='bbox 617 3667 691 3728; x_wconf 86' lang='lat' dir='ltr'>mo</span> <span class='ocrx_word' id='word_1_214' title='bbox 720 3639 968 3740; x_wconf 88' lang='lat' dir='ltr'>evellantur,</span> <span class='ocrx_word' id='word_1_215' title='bbox 997 3647 1055 3731; x_wconf 86' lang='lat' dir='ltr'>ita</span> <span class='ocrx_word' id='word_1_216' title='bbox 1083 3678 1106 3732; x_wconf 86' lang='lat' dir='ltr'>a</span> <span class='ocrx_word' id='word_1_217' title='bbox 1134 3668 1280 3735; x_wconf 87' lang='lat' dir='ltr'>natura</span> <span class='ocrx_word' id='word_1_218' title='bbox 1308 3667 1474 3733; x_wconf 85' lang='lat' dir='ltr'>cautum</span> <span class='ocrx_word' id='word_1_219' title='bbox 1493 3642 1591 3732; x_wconf 80' lang='lat' dir='ltr'>esse.</span> <span class='ocrx_word' id='word_1_220' title='bbox 1620 3645 1711 3732; x_wconf 89' lang='lat' dir='ltr'>Alia</span> <span class='ocrx_word' id='word_1_221' title='bbox 1739 3667 1895 3770; x_wconf 57' lang='lat' dir='ltr'>appeti,</span> 
     </span>
     <span class='ocr_line' id='line_1_32' title="bbox 617 3751 1897 3872; baseline 0.005 -36"><span class='ocrx_word' id='word_1_222' title='bbox 617 3751 755 3842; x_wconf 83' lang='lat' dir='ltr'>dicula</span> <span class='ocrx_word' id='word_1_223' title='bbox 784 3754 1015 3846; x_wconf 81' lang='lat' dir='ltr'>extrorsum</span> <span class='ocrx_word' id='word_1_224' title='bbox 1042 3755 1208 3872; x_wconf 87' lang='lat' dir='ltr'>capsulis</span> <span class='ocrx_word' id='word_1_225' title='bbox 1238 3767 1429 3857; x_wconf 78' lang='lat' dir='ltr'>extremis</span> <span class='ocrx_word' id='word_1_226' title='bbox 1469 3757 1626 3870; x_wconf 71' lang='lat' dir='ltr'>adjedta</span> <span class='ocrx_word' id='word_1_227' title='bbox 1665 3755 1723 3844; x_wconf 76' lang='lat' dir='ltr'>ast</span> <span class='ocrx_word' id='word_1_228' title='bbox 1742 3813 1766 3852; x_wconf 88' lang='lat'>,·</span> <span class='ocrx_word' id='word_1_229' title='bbox 1791 3777 1897 3844; x_wconf 48' lang='lat' dir='ltr'>mter</span> 
     </span>
     <span class='ocr_line' id='line_1_33' title="bbox 619 3861 1896 4000; baseline -0.001 -41"><span class='ocrx_word' id='word_1_230' title='bbox 619 3861 755 3989; x_wconf 84' lang='lat' dir='ltr'>riori,</span> <span class='ocrx_word' id='word_1_231' title='bbox 784 3863 836 3958; x_wconf 82' lang='lat' dir='ltr'>tle</span> <span class='ocrx_word' id='word_1_232' title='bbox 866 3895 949 3982; x_wconf 89' lang='lat' dir='ltr'>qua</span> <span class='ocrx_word' id='word_1_233' title='bbox 977 3893 1189 3956; x_wconf 89' lang='lat' dir='ltr'>narratum</span> <span class='ocrx_word' id='word_1_234' title='bbox 1215 3871 1304 3967; x_wconf 86' lang='lat' dir='ltr'>est,</span> <span class='ocrx_word' id='word_1_235' title='bbox 1333 3902 1357 3957; x_wconf 86' lang='lat' dir='ltr'>e</span> <span class='ocrx_word' id='word_1_236' title='bbox 1386 3871 1548 3958; x_wconf 69' lang='lat' dir='ltr'>draeo</span> <span class='ocrx_word' id='word_1_237' title='bbox 1578 3867 1801 4000; x_wconf 80' lang='lat' dir='ltr'>opposita,</span> <span class='ocrx_word' id='word_1_238' title='bbox 1826 3869 1896 3958; x_wconf 86' lang='lat' dir='ltr'>sed</span> 
     </span>
     <span class='ocr_line' id='line_1_34' title="bbox 619 3977 1895 4103; baseline 0.003 -37"><span class='ocrx_word' id='word_1_239' title='bbox 619 3997 778 4103; x_wconf 57' lang='lat' dir='ltr'>tutator·</span> <span class='ocrx_word' id='word_1_240' title='bbox 810 3979 908 4078; x_wconf 79' lang='lat' dir='ltr'>Haec</span> <span class='ocrx_word' id='word_1_241' title='bbox 937 3981 1213 4074; x_wconf 85' lang='lat' dir='ltr'>descendendi</span> <span class='ocrx_word' id='word_1_242' title='bbox 1241 3983 1415 4084; x_wconf 86' lang='lat' dir='ltr'>modum</span> <span class='ocrx_word' id='word_1_243' title='bbox 1438 3982 1711 4081; x_wconf 80' lang='lat' dir='ltr'>determinat,</span> <span class='ocrx_word' id='word_1_244' title='bbox 1728 3977 1895 4094; x_wconf 74' lang='lat' dir='ltr'>&#39;calycis</span> 
     </span>
     <span class='ocr_line' id='line_1_35' title="bbox 617 4079 1891 4208; baseline 0.005 -32"><span class='ocrx_word' id='word_1_245' title='bbox 617 4079 773 4180; x_wconf 82' lang='lat' dir='ltr'>foltolts</span> <span class='ocrx_word' id='word_1_246' title='bbox 802 4090 853 4186; x_wconf 89' lang='lat' dir='ltr'>ad</span> <span class='ocrx_word' id='word_1_247' title='bbox 880 4091 923 4178; x_wconf 88' lang='lat' dir='ltr'>id</span> <span class='ocrx_word' id='word_1_248' title='bbox 952 4094 1302 4208; x_wconf 83' lang='lat' dir='ltr'>cooperantibus.</span> <span class='ocrx_word' id='word_1_249' title='bbox 1331 4101 1542 4189; x_wconf 85' lang='lat' dir='ltr'>Maturusn</span> <span class='ocrx_word' id='word_1_250' title='bbox 1568 4120 1707 4186; x_wconf 88' lang='lat' dir='ltr'>autem</span> <span class='ocrx_word' id='word_1_251' title='bbox 1734 4095 1891 4202; x_wconf 81' lang='lat' dir='ltr'>semen,</span> 
     </span>
     <span class='ocr_line' id='line_1_36' title="bbox 617 4199 1892 4410; baseline 0.004 -120"><span class='ocrx_word' id='word_1_252' title='bbox 617 4199 740 4320; x_wconf 80' lang='lat' dir='ltr'>quod</span> <span class='ocrx_word' id='word_1_253' title='bbox 771 4201 948 4314; x_wconf 62' lang='lat' dir='ltr'>,capsulis</span> <span class='ocrx_word' id='word_1_254' title='bbox 989 4202 1249 4306; x_wconf 88' lang='lat' dir='ltr'>involvitur,</span> <span class='ocrx_word' id='word_1_255' title='bbox 1274 4209 1538 4304; x_wconf 90' lang='lat' dir='ltr'>distenditur,</span> <span class='ocrx_word' id='word_1_256' title='bbox 1565 4206 1892 4410; x_wconf 53' lang='lat' dir='ltr'>elongaturgue,</span> 
     </span>
     <span class='ocr_line' id='line_1_37' title="bbox 616 4316 1892 4451; baseline -0.004 -37"><span class='ocrx_word' id='word_1_257' title='bbox 616 4341 710 4451; x_wconf 61' lang='lat' dir='ltr'>guo</span> <span class='ocrx_word' id='word_1_258' title='bbox 737 4319 863 4418; x_wconf 81' lang='lat' dir='ltr'>nixu,</span> <span class='ocrx_word' id='word_1_259' title='bbox 888 4316 987 4424; x_wconf 84' lang='lat' dir='ltr'>dum</span> <span class='ocrx_word' id='word_1_260' title='bbox 1013 4320 1132 4416; x_wconf 84' lang='lat' dir='ltr'>nimis</span> <span class='ocrx_word' id='word_1_261' title='bbox 1161 4347 1289 4440; x_wconf 84' lang='lat' dir='ltr'>quatu</span> <span class='ocrx_word' id='word_1_262' title='bbox 1309 4351 1385 4440; x_wconf 83' lang='lat' dir='ltr'>par</span> <span class='ocrx_word' id='word_1_263' title='bbox 1408 4317 1484 4420; x_wconf 72' lang='lat' dir='ltr'>ost,</span> <span class='ocrx_word' id='word_1_264' title='bbox 1514 4319 1703 4420; x_wconf 84' lang='lat' dir='ltr'>deorsum</span> <span class='ocrx_word' id='word_1_265' title='bbox 1720 4325 1772 4410; x_wconf 86' lang='lat' dir='ltr'>fle</span> <span class='ocrx_word' id='word_1_266' title='bbox 1818 4347 1892 4438; x_wconf 60' lang='lat' dir='ltr'>ura,</span> 
     </span>
     <span class='ocr_line' id='line_1_38' title="bbox 780 4451 1837 4536; baseline -0.001 -15"><span class='ocrx_word' id='word_1_267' title='bbox 780 4510 786 4521; x_wconf 83' lang='grc'><em>,</em></span> <span class='ocrx_word' id='word_1_268' title='bbox 1766 4451 1837 4536; x_wconf 62' lang='lat' dir='ltr'>tur,</span> 
     </span>
    </p>
   </div>
   <div class='ocr_carea' id='block_1_5' title="bbox 0 0 2076 5412">
    <p class='ocr_par' dir='ltr' id='par_1_5' title="bbox 0 0 2076 5412">
     <span class='ocr_line' id='line_1_39' title="bbox 0 0 2076 5412; baseline 0 3"><span class='ocrx_word' id='word_1_269' title='bbox 0 0 2076 5412; x_wconf 95' lang='lat' dir='ltr'> </span> 
     </span>
    </p>
   </div>
  </div>
 </body>
</html>
