4120 5414
521 263 1107 367 munuae·
1330 307 1417 391 203

213 385 315 503 gesti
344 379 560 479 formami,
580 383 817 508 partesque3
862 387 1004 502 Itaque
1032 385 1083 472 ab
1112 383 1197 477 hoc
1228 392 1392 482 initium
1411 413 1495 506 ,erra
1633 453 1638 464 ,

215 500 414 612 pediam,
457 518 503 580 ut
540 497 695 580 radiata
725 518 860 606 capita
889 499 1007 584 vobis
1037 497 1105 584 sub
1135 501 1281 589 oculos
1313 533 1492 618 ponam,

217 608 478 722 Propofitum
507 633 643 692 autem
671 602 906 718 exemplum
947 639 969 695 a
1010 615 1234 723 coronasolis
1271 616 1491 722 sumamus,

218 723 259 803 in
288 750 371 837 qua
400 721 539 803 omnia
570 715 802 830 amplillnna
831 718 943 802 sunt.
975 725 1054 807 Hic
1083 725 1219 841 itaque
1240 726 1298 812 est
1324 731 1492 826 llosra,

215 833 369 928 dietus,
399 832 472 949 qui
504 831 659 916 duabus
689 827 872 942 partibus
897 832 1088 930 constat,
1128 839 1227 946 disco
1256 838 1303 924 dc
1329 873 1491 942 corona,-

212 945 320 1032 hanc
359 943 404 1025 in
431 969 559 1054 quam
586 939 743 1026 flosculi
775 947 945 1054 proprie
975 944 1076 1030 disti
1104 951 1385 1065 colliguntur,
1414 959 1491 1066 dist

213 1090 295 1146 rum
322 1053 531 1167 appellant
539 1089 555 1153 ,·
599 1086 726 1137 corona
763 1073 901 1140 autern
927 1054 1015 1140 haec
1040 1057 1181 1159 diua,
1211 1065 1410 1178 quoniam
1435 1067 1490 1160 se.

211 1161 427 1258 miflosculi
465 1157 640 1253 flosculis
678 1162 752 1248 illis
793 1163 962 1249 corolla:
1001 1166 1125 1252 instar
1174 1173 1492 1285 circumponun,

147 1287 151 1295 '
212 1309 311 1368 tur.
349 1281 446 1362 Haec
484 1299 619 1365 autem
656 1297 702 1360 ut
727 1279 937 1362 memoriae
965 1277 1156 1377 tradatis,
1185 1285 1333 1368 iterum
1364 1307 1490 1403 atque

212 1397 361 1494 iterum
384 1407 648 1501 praemoneo3
676 1388 736 1470 his
766 1389 876 1471 enim
917 1391 1043 1473 totius
1073 1388 1194 1476 clallts
1233 1396 1341 1478 tatio
1382 1399 1492 1482 inni-

215 1508 346 1600 titur,
383 1522 508 1618 atque
538 1501 805 1585 continetur.
834 1502 958 1583 Nunc
988 1498 1038 1582 ad
1065 1529 1151 1584 rem
1179 1507 1324 1592 venio.

325 1617 414 1698 Um
454 1614 505 1696 de
533 1610 607 1694 illis
633 1609 865 1724 ‘genetibus
896 1609 1032 1719 primo
1060 1611 1159 1696 loco
1188 1611 1390 1708 hodierna
1418 1620 1491 1710 die⁸

353 1722 484 1822 verba
507 1717 696 1808 fauurus.
715 1715 819 1816 sun,
848 1747 1030 1836 quorum
1056 1725 1177 1806 flores
1209 1748 1296 1810 turn
1319 1728 1489 1814 l'emiflo-

213 1837 378 1934 sculosr,
405 1855 493 1920 tum
519 1831 718 1918 flosculosr
754 1832 926 1945 proprie
954 1833 1052 1918 dieti
1081 1861 1170 1917 non
1198 1836 1487 1955 embryonibus

210 1944 575 2058 intrascunturl‚{ut
613 1944 881 2031 constitutum
909 1973 932 2028 a
969 1947 1199 2044 Botanicis‚
1218 2044 1222 2049 ,
1241 1951 1287 2034 &
1315 1951 1486 2060 posteris

213 2063 409 2148 traditum
434 2059 513 2154 est,
540 2055 606 2142 sed
637 2056 694 2142 de·
717 2055 849 2142 media
879 2055 926 2142 &
953 2057 1149 2142 interiore
1176 2059 1232 2148 sui
1265 2083 1381 2172 parte
1403 2058 1488 2149 fru-

214 2175 327 2260 elum
356 2168 526 2264 ferunt,
593 2166 637 2252 ist
666 2165 849 2254 thalamis
879 2169 1162 2266 adhaerentes,
1202 2194 1248 2257 ut
1275 2173 1319 2254 in
1356 2177 1488 2258 Globu-

568 2199 580 2252 t

212 2291 312 2379 laria
340 2275 541 2369 ostensum
567 2197 677 2368 rinss'e
717 2281 982 2379 meministis,
1022 2282 1487 2394 auspicatiffimumsturn

211 2398 272 2482 rei
299 2393 538 2487 Botanicae‚
579 2395 623 2478 ἃ
650 2394 748 2480 huic
786 2392 926 2490 class'r,
967 2417 1055 2481 turn
1090 2395 1190 2478 mihi
1218 2394 1379 2480 initium
1417 2425 1488 2482 ex*

211 2507 424 2625 pediturus
454 2503 703 2601 sutnvvisusss
742 2502 770 2589 st
799 2507 850 2592 ab
877 2505 958 2594 hac
996 2506 1136 2620 planta
1173 2505 1228 2590 ad
1261 2503 1348 2588 hoc
1388 2530 1489 2595 tem-

210 2648 286 2734 pus
317 2646 470 2744 parum·
490 2619 692 2732 cognita,
735 2619 945 2702 inhonora
969 2679 980 2710 ,
1024 2616 1215 2736 neglecta
1236 2678 1261 2712 ‚.
1278 2615 1483 2730 praesentis

208 2728 491 2815 dill'ertattonrs
521 2731 803 2812 narrationem
820 2727 1103 2842 aggrederer.
1132 2735 1252 2824 Nam,
1281 2758 1376 2814 cum
1405 2755 1487 2818 atn-

215 2837 369 2955 pliffimi
404 2849 559 2942 &oannis
584 2848 719 2920 Maria
748 2843 903 2949 Lancisti
929 2846 1114 2950 Pontificis
1132 2850 1306 2928 ..Maximi
1332 2846 1492 2944 Archia-3

214 2963 272 3036 rri
301 2953 469 3034 nomine
510 2947 726 3060 proditura
755 2946 887 3046 ell'et,
931 2955 1155 3040 maximum
1193 2955 1368 3066 primurn
1408 2959 1493 3056 atti

214 3063 362 3158 nosttae
390 3083 521 3158 novo,
552 3058 684 3144 &tali
713 3063 848 3148 austae'
870 3081 1025 3180 genere
1051 3089 1368 3164 ornamentum,
1396 3091 1484 3155 turn

216 3173 286 3303 ipsi
315 3171 417 3260 clalli
447 3169 677 3258 immortale
706 3172 852 3268 decus,
881 3175 1062 3294 denique
1083 3178 1184 3264 mihi
1206 3203 1380 3292 quoque
1401 3191 1489 3264 tan:

216 3313 247 3374 tt
286 3287 363 3376 viti
408 3285 589 3398 auspiciis
619 3280 780 3372 felicem
809 3289 965 3378 exitum
993 3287 1323 3399 portendebam.
1352 3289 1487 3402 Qod

216 3396 424 3514 profecto,
456 3398 670 3592 utoqrtima
696 3396 766 3510 spe
793 3399 912 3484 nixus
942 3402 983 3482 in
1015 3405 1153 3488 animo
1183 3396 1399 3500 constitui,
1428 3407 1487 3490 ita

216 3512 399 3612 futurum
421 3508 533 3595 confi
565 3537 614 3592 ο.
643 3509 757 3620 Quid
780 3508 914 3604 enim,
944 3509 1186 3608 Auditores,
1216 3506 1376 3620 sperare
1397 3540 1489 3604 non

214 3627 345 3718 licet?
372 3618 589 3738 Numquid
618 3618 799 3741 aliquem
827 3624 1052 3708 extiturum
1077 3619 1284 3734 suspicer,
1315 3621 1380 3712 vel
1412 3629 1485 3714 im.

218 3738 412 3825 inanitate
441 3733 677 3832 barbarum,
704 3731 772 3822 vel
801 3734 843 3818 in
871 3757 1055 3824 extrema
1083 3757 1230 3833 tetra,
1269 3735 1320 3820 ad
1359 3765 1491 3857 quant

217 3851 320 3937 tanti
341 3849 430 3930 Viri
452 3871 608 3934 nomen
630 3877 679 3934 ac
698 3843 803 3934 fama
818 3846 1120 3962 percrebuerit,
1147 3847 1385 3961 sepositum,
1410 3857 1490 3982 qui

216 3991 295 4049 nos
327 3984 415 4044 non
442 3962 599 4075 optime
627 3959 748 4074 hujus
777 3960 907 4074 stirpis
934 3959 1228 4048 iuunortalitati
1250 3962 1490 4053 consulurlle

214 4073 419 4164 fateatur?
448 4074 563 4180 Quin
582 4065 701 4160 facile
724 4070 934 4169 adducor,
963 4096 1009 4158 ut
1029 4071 1208 4188 aliquam
1226 4070 1292 4162 vel
1313 4074 1493 4190 diligen.

216 4193 302 4285 tiae,
333 4183 397 4274 vel
435 4184 604 4272 solertiae
631 4183 793 4273 laudem
829 4186 939 4299 apud
978 4183 1162 4295 posteros
1200 4215 1266 4271 me
1307 4213 1493 4310 quoque:

217 4304 529 4400 consecuturum
556 4297 752 4402 credam,
782 4298 854 4418 qui
882 4295 1123 4392 immortalis
1154 4294 1408 4426 Virigloria
1436 4325 1495 4394 ut.

1384 4437 1428 4497 tn
