4120 5414
593 225 1128 322 vanuaclMA.
1327 263 1415 354 269

258 355 287 440 I.
313 363 374 440 ta
388 345 479 436 'itti
505 355 706 444 maximus,
729 352 871 445 renus,
887 345 987 456 flore
1000 347 1185 463 stmplici,
1203 387 1255 442 ex
1282 363 1385 449 luteo
1400 371 1483 482 pal.

311 470 347 550 li
374 496 394 548 a
421 467 464 574 J.
488 464 530 545 B.
561 491 597 571 3.
629 489 720 540 100.
749 455 1081 574 chrysanthemum
1109 467 1364 588 Africanum,
1394 511 1482 563 ere.

308 584 432 671 etum
460 587 497 658 T
496 581 644 663 aneceti
651 571 754 684 folio
761 630 774 668 ‚
790 571 891 685 stare
908 570 1084 686 stmplici,
1107 591 1244 694 majore
1268 589 1378 672 Mor.
1390 595 1480 700 Hrst.

190 743 196 752 -
334 692 434 774 ,τά
474 754 478 764 .
645 771 651 788 ,

255 721 464 917 Olilongo
506 793 646 916 calyce
674 796 718 882 in
751 794 911 886 radiata
940 800 1118 914 capitula
1147 803 1326 922 dispositi
1354 813 1486 910 flores·

192 913 504 1010 'continentum
535 907 683 1014 (unde
713 939 736 994 a
759 909 969 999 nonnullis
991 920 1223 1032 carpophylli
1241 947 1396 1010 nomen
1419 927 1477 1014 ob

194 1021 356 1143 talycis
399 1021 594 1114 videlicet
635 1013 815 1108 somnam
858 1023 1098 1140 impofitum
1127 1028 1218 1133 est)
1258 1037 1331 1148 qui
1360 1037 1481 1156 calyx

194 1134 260 1224 int
315 1165 361 1224 er
389 1135 481 1233 est,
509 1159 648 1252 neque
675 1133 912 1252 squamosus
940 1137 1015 1234 ‚in
1043 1135 1193 1242 lumina
1221 1169 1296 1230 ora
1317 1147 1360 1229 in
1385 1175 1478 1261 par.

190 1265 253 1334 tes
314 1247 517 1336 istributus
541 1313 550 1332 .
578 1245 717 1333 Flores
746 1243 1039 1334 semiflosculosr
1067 1251 1110 1336 in
1131 1281 1292 1342 corona
1312 1257 1477 1370 ponun«

188 1377 260 1444 tur
284 1425 296 1457 ‚
323 1361 513 1481 quinque
532 1357 777 1560 hplerunque
803 1359 846 1483 in
876 1355 1045 1476 ungulis
1075 1365 1304 1488 capitibus,
1334 1373 1476 1457 crocei

188 1470 339 1558 colore
364 1529 377 1568 ,
407 1501 503 1560 cum
548 1470 746 1574 ¹lamento
771 1466 908 1557 ‚bifido
938 1535 948 1554 .
982 1475 1214 1572 Seminibus,
1235 1487 1474 1598 junguntur

189 1581 412 1709 oblongis,
442 1581 764 1699 nigricantibus,
806 1577 980 1695 squamis
1009 1581 1062 1664 ad
1089 1578 1321 1674 fulciendos
1348 1596 1473 1680 nores

190 1691 236 1780 in
264 1722 383 1809 apice
410 1693 613 1806 instruitis
722 1686 865 1780 Diseus
905 1708 1041 1778 autem
1075 1692 1263 1786 flosculos
1303 1707 1474 1816 proprie

184 1803 322 1890 dines
352 1803 478 1890 habet
508 1867 520 1906 ,
548 1799 842 1918 monopetalos
871 1829 1045 1923 quoque
1077 1865 1089 1901 ,
1131 1801 1266 1899 forma
1284 1808 1474 1900 'infundi-

185 1911 273 2002 buli
300 1915 555 2015 insttubbos,
585 1941 659 2030 per
687 1939 806 2002 oram
834 1917 877 2000 in
946 1913 1090 2002 naliter
1110 1916 1242 2006 sebtos
1266 1983 1279 2017 ,
1306 1952 1354 2012 ac
1379 1953 1473 2009 cro.

184 2056 284 2114 cens
322 2093 332 2110 .
355 2032 549 2115 interiori
576 2035 727 2121 florum
751 2027 896 2142 parieti
955 2026 1087 2119 amina
1109 2029 1317 2118 adherent
1336 2029 1470 2132 lutea,

187 2135 499 2246 modo-soluta,
527 2141 659 2228 modo
671 2145 713 2228 in
726 2139 871 2227 tubum
882 2141 1096 2236 coeuntia,
1126 2142 1277 2269 quibus
1306 2143 1468 2232 seminis

189 2249 447 2340 filamentum
475 2251 654 2342 ambitur.
683 2319 696 2338 .
726 2259 873 2341 Semen
901 2250 1022 2371 quale
1051 2253 1095 2335 in
1122 2253 1469 2342 iemiflosculosis.

186 2431 195 2446 .
241 2361 359 2449 Alter
385 2381 549 2479 tegetes
576 2364 760 2480 pluribus
782 2362 943 2452 constat
962 2360 1268 2465 semifloiculis,
1298 2371 1469 2479 paucio-

179 2471 295 2562 ribus
322 2471 501 2564 ilosculis
525 2477 664 2580 ,uideo
694 2501 852 2572 vocant

234 2593 284 2674 n
314 2603 497 2806 TageJtem
524 2589 723 2709 majoreml,
751 2601 917 2688 retium,
936 2591 1037 2703 stare
1051 2598 1248 2688 ,maxiem
1273 2593 1469 2708 multipli-

294 2726 377 2782 tato
433 2709 513 2784 ,Β
546 2735 582 2809 3.
615 2735 708 2782 100.

236 2813 287 2894 In
323 2819 439 2921 cujus
467 2805 625 2898 florum
653 2805 1076 2928 descriptione‘multa
1095 2811 1336 2928 preteribo,
1364 2783 1466 2932 <init

181 2950 283 3012 cum
301 2919 499 3038 superiori
520 2929 781 3011 communia.
805 2913 1076 3012 Semiflosculi
1096 2929 1344 3039 potiilrmum
1365 2953 1466 3013 con-

189 3032 398 3126 siderandi
424 3031 546 3162 sunt,
574 3038 779 3150 quoniam
797 3033 976 3237 plurimi
1005 3035 1052 3124 ὃ(
1074 3031 1207 3124 forma
1227 3036 1464 3168 inaequales.

179 3149 308 3236 Primi
337 3149 417 3238 five
449 3149 591 3233 exenni
610 3145 795 3265 magnitu
824 3151 891 3234 ine
913 3149 959 3236 &
976 3140 1132 3268 ligura,
1156 3149 1298 3274 quales
1322 3173 1366 3235 in
1391 3145 1466 3236 illo

177 3258 325 3350 ostensi
346 3259 460 3360 sunt5
488 3260 566 3346 reli¹
597 3261 639 3350 ui
667 3265 711 3344 in
739 3260 839 3350 duas
867 3260 997 3352 tresve
1038 3285 1162 3354 >artes
1194 3289 1270 3378 per
1294 3259 1464 3350 limbum

179 3371 398 3470 secantur,
438 3373 485 3458 ἃ
517 3285 713 3463 utilculos
752 3378 927 3488 proprie
969 3292 1106 3462 <libor
1144 3369 1464 3490 quodammodo

178 3482 386 3576 referunt.
426 3487 761 3574 internoscantur
789 3509 951 3581 tamen,
981 3483 1183 3602 quonian
1212 3481 1463 3569 filamenturn

179 3619 345 3688 tarnim
373 3591 512 3686 ferunt
540 3663 554 3685 .
590 3595 835 3712 Huiusmodi
863 3595 1038 3684 lloribus
1067 3619 1155 3678 non
1180 3589 1311 3680 solum
1339 3623 1463 3682 coro-

181 3737 238 3796 na
259 3774 271 3809 ,
296 3709 365 3796 sed
391 3729 505 3796 totus
528 3709 614 3799 fere
633 3713 760 3802 discus
782 3731 1045 3824 occupatur,
1073 3703 1393 3819 Conspiciuntur
1418 3709 1462 3790 in

175 3823 277 3908 disci
319 3842 467 3910 centro
493 3819 751 3918 semilloiculi
779 3821 1009 3920 nonnulli,
1046 3818 1200 3904 sedita
1231 3850 1254 3906 a
1283 3821 1463 3909 vcircum·

175 3935 316 4050 positis
362 3927 635 4028 senifloscuus
665 3939 997 4056 comprimuntur
1024 3994 1038 4031 ‚
1075 3953 1324 4046 inpetrato
1354 3931 1460 4016 sese

171 4051 388 4162 explicare
418 4051 612 4152 valeant,
637 4077 826 4168 qnorum
855 4051 1108 4168 embryones
1137 4071 1353 4165 nunquam
1379 4069 1464 4126 ma-

173 4164 389 4250 turitatem
414 4164 574 4254 habent
599 4231 608 4250 .
637 4159 1064 4250 Semiflosculosorum
1089 4187 1193 4248 vtro
1215 4157 1461 4272 embryones

172 4297 463 4382 maturantur,
487 4279 539 4368 iit
561 4277 717 4402 sutrina
745 4273 930 4388 evadunt,
952 4269 1161 4393 oblonga.
1202 4259 1429 4464 cotnprglil⁸²
1448 4327 1470 4370 ι
