4144 5412
189 391 241 428 Ι,
354 251 1192 434 ,[ΙΒἙΚῬᾘΜἮ,
1327 257 1412 409 ῤ’ς,

499 531 805 662 CAPUT
870 567 1103 662 xxxiv.

174 863 182 914 ᾳ
296 836 357 906 De
384 834 539 904 Nature
557 815 721 950 stalertie
747 822 1039 1041 ‘flubffflm
1068 829 1110 908 in
1134 825 1329 942 congloba-
1436 823 1440 832 '

680 953 737 1014 trs
789 941 847 1014 ors
869 963 929 1014 us.

170 1235 180 1262 r
296 1176 332 1256 ls
359 1169 412 1256 de
441 1165 737 1285 papilionaceis
762 1170 934 1259 floribus
958 1176 1135 1266 breviter
1153 1178 1364 1270 indicatis,
1392 1174 1452 1259 di-

324 1309 463 1370 camus
492 1307 602 1368 nunc
631 1284 684 1370 de
713 1281 972 1400 conglobatis
999 1285 1195 1389 floribus,
1223 1294 1266 1377 in
1295 1284 1450 1410 quibus

169 1392 365 1512 profesto
394 1415 512 1478 tanto
539 1395 711 1480 consrlio
739 1397 879 1484 omnia
907 1400 1093 1515 disposrra
1120 1400 1242 1504 sunt,
1281 1426 1327 1490 ut
1364 1395 1452 1487 nus-

171 1535 300 1630 quam
327 1501 423 1591 alibi
451 1513 587 1619 major
617 1531 773 1596 naturae
800 1509 860 1594 uis
889 1537 1121 1637 appareat.
1164 1521 1211 1600 ln
1246 1513 1309 1599 his
1339 1513 1450 1596 enim

171 1643 257 1707 tarn
285 1621 420 1734 parvis
446 1617 616 1704 floribus
636 1639 793 1740 quanta
813 1647 997 1710 cernitur
1018 1623 1242 1742 perfestio!
1271 1627 1451 1712 Primum

169 1757 313 1818 omncs
341 1721 482 1845 calyce
510 1737 720 1819 cotmnuni
749 1733 1052 1838 continentur,
1091 1737 1157 1831 vel
1183 1739 1359 1858 squamis
1399 1761 1451 1820 ae-

169 1839 357 1970 qualibus
386 1838 454 1930 vel
481 1841 559 1928 inae
592 1840 751 1935 ualibus
780 1845 988 1947 conflato,
1016 1879 1107 1972 quo
1127 1866 1317 1940 externas
1349 1851 1453 1957 inju-

167 1981 248 2050 ctas
278 1983 303 2040 a
330 1951 369 2040 se
397 1977 538 2071 propu
568 1979 660 2054 ant,
688 1958 856 2079 &quo
885 1963 1093 2076 irruptura
1121 1965 1174 2049 ad
1202 1959 1452 2078 deponenda

167 2066 278 2153 iuter
306 2063 558 2182 embryones
586 2097 671 2158 ova
693 2072 943 2184 ¹animalcula
973 2074 1273 2188 prohibentur.
1301 2077 1365 2158 Ex
1388 2067 1451 2152 his

167 2177 317 2298 calycis
359 2177 536 2296 squamis
574 2179 677 2310 saepe
713 2184 757 2268 in
796 2182 1001 2271 nonnullis
1040 2184 1264 2317 generibus
1301 2184 1455 2269 intimat

166 2286 381 2407 longiores
409 2291 529 2391 sunt,
565 2292 715 2410 qurbus
741 2297 906 2395 discus,
934 2298 1109 2387 htunrclo
1138 2296 1274 2393 coelo,
1303 2293 1352 2381 &
1379 2317 1456 2376 no·

168 2403 320 2490 slurno
349 2425 562 2520 tempore,
592 2407 765 2524 tegitur.
793 2414 892 2498 Haec
914 2407 1172 2531 squamarum
1190 2404 1325 2495 forma
1352 2399 1455 2494 usus-

169 2541 254 2638 que
282 2515 455 2607 eximius
484 2513 693 2606 clarissime
722 2545 894 2638 apparet
924 2525 977 2610 in<

223 2632 381 2714 carlina
409 2631 676 2741 coalescente,
703 2665 834 2746 magno
887 2667 978 2730 are,
1006 2638 1194 2721 albicante
1222 2635 1271 2716 C.
1299 2633 1343 2716 B.
1370 2637 1453 2718 Pin.

177 2797 181 2806 ·
286 2740 392 2852 380,
421 2741 468 2826 &
495 2737 808 2854 Toumefilnst.
879 2747 1039 2828 .Herb.
1065 2777 1161 2854 500.
1192 2749 1349 2830 carlina
1366 2742 1455 2852 five

281 2851 544 2936 Leucatantha
569 2851 686 2937 Dod.
714 2867 856 2968 Pempt.
883 2884 979 2968 727.

181 3021 186 3030 ·
226 2960 419 3048 Diduffis
446 2957 716 3049 &deorsum
752 2965 913 3050 reflexis
954 2963 1233 3078 capitulorum
1258 2962 1457 3084 squamis,

170 3101 268 3205 quae
292 3073 414 3190 hujus
443 3077 604 3160 carlina
625 3073 802 3192 capitula
823 3101 1108 3191 componunt,
1137 3080 1457 3194 circunquaque

174 3182 391 3300 disposite,
425 3185 554 3303 spinis
575 3215 627 3274 ue
647 3209 811 3274 armata
848 3183 927 3274 illae
947 3187 1143 3308 squamae,
1172 3217 1268 3306 quac
1294 3189 1457 3275 adhoc
1601 3265 1605 3272 .

173 3326 335 3417 tempus
364 3327 445 3418 pro
474 3213 618 3415 petalis
645 3299 798 3388 habitae
823 3299 935 3396 sunt,
964 3300 1084 3385 nudae
1105 3321 1329 3416 apparent,
1366 3297 1460 3381 lon.

175 3417 348 3534 giores,
381 3413 534 3500 discum
561 3412 826 3528 superantes,
855 3411 987 3507 albat,
1017 3408 1140 3495 firmae
1168 3435 1378 3530 quoque,
1407 3429 1457 3494 ac

174 3531 210 3614 ri
244 3522 342 3623 idae,
369 3523 436 3612 sed
464 3525 509 3608 in
536 3551 585 3610 ca
613 3548 732 3640 parte
760 3551 854 3641 quae
881 3522 1109 3609 insertionis
1134 3519 1236 3606 loco
1265 3520 1460 3638 proxima

177 3554 241 3729 es
251 3703 264 3738 ‚
295 3636 450 3724 flexiles
480 3635 569 3721 suot
596 3637 773 3725 cardinis
802 3634 927 3722 instar
940 3665 954 3738 3
985 3632 1118 3718 modo
1136 3634 1248 3720 enim
1274 3633 1313 3721 sc
1343 3629 1461 3718 incli-

177 3776 324 3840 nantes
354 3751 408 3838 ad
435 3746 589 3836 discum
610 3750 835 3846 accedunt,
863 3774 1042 3869 euntque
1065 3751 1338 3863 cooperiunt,
1367 3768 1461 3832 rno-

178 3865 302 3954 dosc
331 3868 542 3984 erigentes
567 3863 796 3952 extrorsum
823 3858 1099 3955 revolvuntur
1119 3885 1202 3976 pro
1231 3863 1333 3948 aeris
1357 3885 1462 3980 qua-

179 3978 314 4068 litate.
342 3977 526 4066 Humido
555 3976 694 4077 coelo,
724 4000 859 4092 partes
878 3976 1135 4072 relaxantur,
1165 3975 1213 4061 &
1231 3991 1461 4091 propterea

183 4091 461 4183 collabaseunt
486 4085 620 4190 fibra,
650 4093 698 4180 δι
725 4089 923 4179 decidunt
950 4088 1126 4207 squamae
1148 4125 1159 4170 ε
1185 4083 1267 4196 hac
1293 4089 1463 4172 ratione

182 4207 302 4294 flores
331 4206 377 4293 δε
402 4203 550 4290 semina
578 4233 603 4289 a
637 4203 783 4320 pluviis
811 4203 858 4290 δέ
883 4211 980 4288 r'ore
1007 4196 1283 4287 defenduntur
1303 4261 1316 4308 Ι.
1346 4201 1460 4286 Cum

182 4347 284 4410 veto
312 4315 507 4408 solaribus
536 4319 659 4407 radiis
696 4315 853 4420 librillae
880 4313 1026 4434 rigidae
1052 4311 1189 4411 fiunt,
1224 4307 1400 4508 squprpae
1431 4327 1464 4423 ⁴a

306 4491 313 4508 .
1322 4447 1404 4508 tco
