4130 5424
699 245 755 328 Μ
904 206 1612 346 ulssERTarlo

629 383 707 478 per
734 345 949 440 materiam
970 369 1133 466 pateret
1153 344 1340 446 reditus,
1367 343 1598 442 videremus
1622 413 1632 434 .
1659 343 1744 436 Per
1771 347 1897 442 cotti.

629 497 723 558 cem
749 465 873 554 etiam
900 490 989 548 non
1018 460 1233 551 ascendere
1260 459 1508 564 humorem,
1536 493 1592 554 ex
1617 459 1705 550 hoc
1736 463 1796 550 est
1814 495 1898 556 ma.

625 577 849 678 erfastum,-
877 574 1038 664 nullum
1067 575 1226 698 quippe
1256 573 1557 666 incrementum
1586 571 1693 662 infra
1722 574 1900 670 delibra.

626 714 718 784 tum
746 714 940 780 truncum
966 711 1167 809 apparet.
1197 685 1333 807 Qud
1361 687 1409 774 δι
1469 723 1516 780 er
1543 689 1711 780 corticis
1739 695 1897 780 Anno·

625 833 724 900 men
751 827 896 920 patet,
938 807 1005 892 cui
1044 794 1165 891 nullae
1212 799 1408 918 appositas
1436 717 1525 892 lint
1552 801 1727 892 trachea
1759 863 1772 901 ‚
1802 831 1901 924 quae

624 920 791 1012 succum
828 919 880 1005 ad
907 915 1207 1006 ascendendun
1245 915 1497 1028 compellant
1529 984 1538 1002 .
1575 919 1673 1004 Hoc
1701 937 1897 1006 autema

626 1056 771 1121 natura
799 1055 1011 1149 nunquam
1032 1025 1167 1118 fuisl'et
1195 1029 1465 1148 negledtum,
1494 1057 1589 1118 cum
1617 1027 1664 1115 ὅτ
1692 1025 1801 1116 foliis
1827 1029 1898 1116 da-

625 1169 679 1234 tae
706 1143 783 1230 snat
811 1152 1017 1240 trachea,
1046 1143 1248 1229 tenuioris
1278 1145 1573 1260 compaginis,
1603 1140 1651 1228 &
1679 1141 1900 1240 hincinde

625 1260 709 1348 aeri
737 1252 930 1372 expositis
965 1319 974 1342 .
1012 1257 1211 1354 Verum,
1239 1283 1335 1344 cum
1366 1284 1551 1374 corpora
1576 1252 1718 1370 suapte
1744 1275 1894 1342 natura

625 1369 818 1459 deorsum
856 1362 1081 1467 ferantur,
1117 1367 1297 1458 tracheae
1334 1397 1430 1490 quae
1460 1365 1693 1458 descensum
1720 1363 1895 1454 solicita·

623 1506 720 1570 rent
747 1545 758 1579 ‚
788 1479 952 1568 inutiles
979 1479 1070 1570 visae
1100 1510 1114 1584 ς
1148 1479 1367 1678 grasertim
1398 1513 1493 1574 cum
1525 1477 1623 1569 ess‘et
1649 1477 1791 1572 seusun
1825 1481 1897 1566 dc-

624 1596 928 1690 recudendum,
990 1621 1049 1679 uo
1075 1588 1154 1680 faci
1175 1594 1231 1682 'us
1251 1593 1303 1682 ab
1326 1595 1509 1684 utriculis
1530 1625 1553 1680 a
1586 1615 1639 1680 tae
1664 1613 1805 1710 partes
1826 1619 1895 1680 ex·

626 1711 711 1824 cipi
741 1703 928 1822 poss'cnt.
1005 1728 1237 1821 uapropter-
1257 1705 1428 1794 corticis
1457 1619 1614 1796 fibrillae
1633 1707 1687 1792 ad
1716 1731 1895 1822 perpetra

615 1819 811 1922 diculum
838 1845 929 1902 non
956 1819 1216 1936 diriguntur,
1245 1819 1311 1905 sed
1342 1848 1366 1905 a
1399 1819 1518 1906 sebio
1547 1817 1663 1908 cursu
1685 1815 1900 1902 declinan-

625 1958 686 2020 tes
715 1927 901 2019 feruntur
930 1927 1102 2050 oblique
1123 1930 1314 2022 deorsum
1336 1961 1350 2036 3
1382 1931 1484 2016 idco
1512 1927 1788 2042 descendentis
1815 1925 1898 2016 hu-

623 2047 751 2136 moris
781 2043 1015 2158 reprimitur
1044 2045 1253 2157 impetus.
1280 2051 1340 2130 Ita
1361 2043 1409 2129 δε
1434 2040 1770 2154 inanimantibus
1793 2039 1897 2126 mula

620 2164 682 2248 tis
699 2157 983 2244 intestinorum
1011 2154 1483 2251 circumvolutionibus,
1513 2153 1736 2240 &interni
1766 2153 1895 2266 paria

623 2274 675 2359 tis
747 2271 833 2356 licis
871 2267 981 2387 chyli
1021 2267 1226 2355 descensus
1267 2331 1278 2366 ,
1318 2295 1407 2386 quo
1435 2265 1662 2354 lasiearum
1688 2290 1892 2358 venarum

624 2298 761 2471 oscula
787 2381 917 2471 subire
945 2377 1099 2466 facilius
1128 2382 1279 2492 poffit,
1306 2381 1572 2490 retardatur.
1600 2375 1793 2463 Ascendit
1819 2379 1894 2495 igi..

625 2517 693 2584 tur
722 2521 796 2611 per
825 2492 1036 2580 materiam
1054 2489 1238 2596 humbt,
1267 2491 1313 2577 bc
1339 2494 1382 2575 in
1404 2488 1504 2580 folia
1524 2491 1757 2608 digeritur,
1786 2513 1894 2580 snos:

624 2635 701 2737 per
724 2611 925 2699 corticem
946 2599 1091 2730 purior
1111 2602 1253 2709 redit,
1283 2603 1560 2730 utriculosque
1587 2626 1731 2690 omnes
1756 2600 1894 2717 replet

622 2721 907 2814 descendendo
929 2785 938 2806 .

640 2933 643 2938 ,
676 2832 970 2924 Utriculorum
1007 2861 1142 2948 porro
1170 2833 1258 2924 duo
1298 2834 1564 2949 reperiuntur
1590 2857 1744 2953 genera
1771 2837 1815 2918 in
1843 2859 1890 2928 οι

623 2947 787 3035 mnibus
812 2947 973 3059 plantis
1010 3013 1019 3031 .
1056 2944 1242 3036 Primum
1277 2977 1459 3070 aqueum
1496 2949 1653 3062 excipit
1680 2944 1889 3044 succum,

624 3056 884 3170 lymphatico
915 3057 1104 3176 liquori,
1132 3079 1183 3147 ut
1199 3059 1299 3146 mihi
1320 3063 1513 3158 videtur,
1542 3058 1802 3177 analogum.
1829 3062 1891 3143 m

628 3189 693 3254 tra
729 3168 829 3285 ligni
860 3166 980 3292 libras
1018 3168 1088 3258 hic
1115 3171 1247 3260 rursus
1276 3173 1500 3286 deponitur
1534 3235 1546 3272 ,
1587 3169 1790 3288 siquando
1819 3191 1892 3256 aut

624 3282 744 3365 trimis
782 3279 950 3374 crassum
986 3281 1037 3368 ab
1067 3282 1207 3370 radice
1248 3283 1351 3371 subit
1388 3283 1629 3374 alimentum
1660 3344 1673 3384 ,
1701 3305 1893 3372 autnon

629 3391 726 3479 'usta
765 3395 890 3512 copia
919 3457 931 3492 ,
972 3396 1093 3512 quod
1121 3399 1328 3516 contingit
1354 3394 1589 3486 siccioribus
1620 3399 1716 3484 anni
1745 3392 1888 3486 mensi«

622 3420 722 3610 lius3
743 3503 836 3594 sunt
855 3507 966 3594 enim
984 3506 1028 3593 hi
1051 3505 1215 3596 utriculi
1241 3511 1525 3626 promptuaria
1549 3509 1761 3631 quaedam,
1785 3534 1892 3630 quo-

617 3642 711 3704 rum
739 3617 825 3706 usus
855 3621 1084 3814 praecipuus
1113 3618 1171 3705 ob
1213 3625 1387 3708 incertas
1418 3627 1515 3708 anni
1542 3645 1628 3710 tem
1658 3623 1799 3710 estates
1828 3620 1892 3710 vi-

619 3729 741 3816 detur
777 3797 786 3813 .
825 3739 863 3814 A
880 3755 1012 3820 terum
1049 3728 1323 3821 utriculoruru
1350 3761 1483 3851 genus
1524 3649 1773 3851 peculiarem
1800 3733 1887 3821 suc-

618 3864 716 3926 cum
735 3838 934 3942 secernit,
965 3847 1039 3960 qui
1068 3847 1121 3933 ad
1152 3847 1318 3934 virtutes
1348 3848 1580 3962 plantarum
1607 3844 1884 4050 explicandas

615 3951 793 4038 inaximo
820 3954 879 4040 est
899 3957 1199 4046 attendendus.
1227 3961 1307 4046 Hic
1328 3983 1465 4051 autem
1486 3989 1574 4048 non
1601 3963 1645 4046 in
1683 3965 1820 4089 igneas
1845 3958 1893 4044 fi·

617 4061 787 4163 bailias,
815 4095 960 4157 verum
990 4072 1033 4154 in
1065 4068 1291 4187 peculiares
1312 4075 1461 4162 dusius
1491 4081 1575 4182 (ut
1607 4071 1820 4162 manifeste
1845 4071 1891 4155 in

617 4173 706 4266 hoc
733 4182 862 4296 Typhae
899 4181 1015 4272 caule
1053 4184 1238 4296 videtis)
1285 4187 1494 4300 derivatur
1526 4223 1537 4267 a
1575 4184 1622 4273 hi
1653 4185 1721 4278 vel
1748 4182 1887 4271 statim

613 4287 687 4410 sub
709 4290 888 4386 cuticula
912 4321 990 4412 per
1018 4297 1322 4414 longitudinem
1342 4317 1603 4406 excurrunt3
1636 4298 1705 4393 vel
1733 4297 1890 4500 ipsine,

1788 4433 1834 4501 10
