4120 5414
644 197 688 287 D
718 191 772 288 E·
789 198 828 287 -C
859 197 888 288 I
911 201 983 288 M
999 195 1075 290 rs.
1343 241 1367 298 2

216 313 331 408 ¹disc'o
360 305 754 440 quoquedissimilis
785 313 896 426 ordo
927 378 952 414 „
981 317 1238 440 partiumque
1268 247 1496 426 divesirias:

209 428 340 516 flores
367 421 570 516 tlosculosr
597 429 768 538 proprie
798 426 898 514 disti
926 456 1118 526 unacum
1143 431 1357 526 seminibus
1389 447 1497 538 inter

216 537 448 628 imbricatas
471 535 636 634 thalami
658 535 838 649 squamas
861 537 1119 638 niduiantur,
1144 570 1236 662 quae
1257 550 1430 666 squamae
1450 564 1492 654 in

220 679 393 738 acumen
420 645 630 766 fastigiatae
659 679 706 733 nc
728 645 845 734 luteae
866 679 915 735 ea
938 653 1220 770 magnitudine
1243 660 1356 761 sunt,
1385 668 1494 766 &ea

214 763 381 850 ratione
403 762 674 877 disponuntur
692 820 704 855 ‚
723 781 769 844 ut
787 763 1080 851 contineantur
1100 757 1249 869 flores,
1271 801 1359 860 non
1379 809 1494 869 com.

217 875 447 989 primantur
470 879 566 958 .·Ita
594 869 638 954 hi
668 865 784 956 facile
813 872 858 956 in
881 870 1184 969 infundibulum
1205 882 1426 1007 globosum
1454 894 1492 982 se

217 983 452 1099 explicant,
481 1011 664 1105 quorum
690 1011 738 1067 os
768 987 809 1068 in
837 987 1023 1105 quinque
1064 1015 1198 1104 partes
1237 995 1389 1086 sessum
1417 1009 1491 1118 ap-¹

210 1119 367 1212 paret,
395 1095 579 1212 luteique
609 1091 792 1182 coloris.
820 1099 898 1182 Per
927 1095 1134 1185 tubulatos
1163 1099 1291 1191 fiores
1319 1109 1492 1202 subeunt

217 1209 405 1296 asemine
425 1208 629 1298 filamenta
658 1208 789 1304 lutea,
818 1202 933 1300 luteis
961 1205 1120 1298 florum
1141 1216 1298 1332 vaginis
1323 1218 1393 1308 srbi
1414 1227 1491 1311 cir.

212 1318 450 1433 cumpositis
484 1329 570 1413 ..In
596 1319 745 1406 semine
783 1315 960 1405 fimisiter
989 1319 1215 1410 differentia
1243 1334 1447 1442 reperitur
1475 1336 1495 1434 ‚'

208 1435 414 1554 quoniam
423 1431 678 1629 oblonpum
708 1425 967 1541 angulatum,
995 1432 1148 1518 amruso
1164 1435 1208 1520 in
1228 1435 1376 1538 sununs
1397 1471 1489 1560 par.

212 1570 257 1632 te
280 1545 468 1631 cinnum
494 1545 668 1636 nacitur
697 1603 708 1622 .

327 1657 485 1767 Stesisco
511 1653 743 1769 proximam
772 1645 908 1773 sedem
930 1647 1116 1743 dedimus
1138 1657 1341 1746 Forbicinae
1390 1694 1489 1756 ene·

209 1667 328 1877 A,
355 1768 391 1851 ri
429 1768 616 1856 novitate
657 1763 833 1848 nominis
872 1759 1013 1848 vestris
1052 1766 1215 1853 auribus
1253 1691 1484 1875 inaudito,

208 1881 410 2003 quoniam
438 1907 493 1964 ex
531 1871 737 1992 speciebus
768 1871 978 1960 nonnullis
1003 1875 1056 1960 de
1075 1881 1245 1964 'Bidente
1272 1883 1481 1978 subdusiis

206 1989 436 2080 conflatum
463 2016 575 2076 nunc
605 1992 782 2099 primum
811 1989 1087 2112 proponimus
1122 2053 1133 2072 .
1173 1996 1481 2111 Quapropter,

209 2101 279 2189 etsr
314 2099 393 2186 iliis
434 2101 612 2214 cognitis
641 2126 782 2222 „quae
811 2123 852 2180 m
880 2098 1111 2187 universum
1139 2129 1161 2186 a
1193 2107 1399 2221 principio
1429 2104 1483 2192 de

203 2207 313 2300 flore
347 2207 564 2300 flosculoso
593 2213 764 2328 proprie
782 2209 912 2310 ,dieto
938 2211 1166 2339 attigimus,
1193 2217 1297 2300 ratio
1326 2221 1483 2306 unicui.

206 2351 291 2440 que
319 2321 620 2418 innotesceret,
648 2352 732 2444 qua
758 2319 877 2408 hasce
916 2321 1068 2436 spectes
1097 2355 1119 2409 a
1143 2330 1306 2420 uidente
1325 2358 1482 2446 genere

202 2439 401 2546 separatas
430 2439 473 2517 in
499 2433 586 2530 hoe
617 2447 776 2524 novum
802 2437 1071 2549 recepimus:
1103 2459 1239 2520 tamen
1300 2459 1481 2552 erpauca

202 2547 440 2643 subnesiere
462 2544 604 2634 inutile
625 2572 895 2664 nequaquam
913 2546 1140 2648 censemus,
1161 2571 1215 2630 ne
1240 2464 1482 2666 abaliquo,

203 2664 271 2745 cui
309 2684 398 2740 non
424 2655 536 2742 reste
567 2655 663 2768 pers
686 2657 776 2742 esta
805 2687 852 2739 ea
884 2653 1078 2756 suerint,
1120 2679 1194 2756 aut
1218 2689 1242 2746 a
1272 2687 1361 2778 quo
1390 2661 1480 2750 srnis

202 2768 290 2856 stris
319 2766 587 2879 opinionibus
616 2793 638 2848 a
667 2765 782 2852 disto
813 2792 1032 2877 perperam
1060 2769 1222 2868 habita,
1251 2777 1383 2866 nimiae
1404 2799 1482 2859 no-

205 2878 339 2975 vitatis
369 2876 609 2962 damnemur
647 2939 655 2958 .
688 2879 804 2962 Cum
831 2883 970 2990 itaque
1000 2879 1278 2971 constituerim
1308 2886 1373 2978 vel
1400 2912 1479 2998 po·v

204 2996 284 3078 tius
315 2989 365 3075 ab
394 2986 480 3090 aliis
508 2985 780 3077 constitutum
815 2988 1047 3102 acceperim
1070 2987 1325 3087 ‚uidentem
1350 3026 1400 3086 ea
1425 2998 1478 3090 de

206 3103 321 3192 causa
348 3093 458 3188 fuisse
488 3099 531 3183 in
557 3093 716 3184 flosculi
745 3124 825 3211 pro
856 3101 916 3186 rie
945 3099 1044 3190 dissi
1063 3099 1189 3197 elane
1219 3108 1476 3205 collocatam.

203 3216 322 3335 quod
362 3209 521 3410 plantas
544 3207 786 3324 hujusmodi
846 3239 940 3298 ores
967 3217 1187 3414 pivnentes
1215 3220 1475 3335 amplesiere

204 3353 304 3425 tur,
332 3323 417 3412 ilas
444 3324 469 3410 s
490 3325 594 3409 ecies
622 3348 718 3438 quae
743 3319 972 3418 semissoscu
989 3359 1017 3411 o
1036 3355 1083 3412 os
1113 3327 1225 3418 srmui
1251 3330 1478 3428 haberent,

202 3351 557 3533 senercunis,
595 3433 894 3529 uolutatione
923 3438 967 3520 in
1002 3439 1088 3525 hoc
1116 3466 1269 3553 genere
1295 3443 1475 3528 retinen,

201 3553 277 3639 das
301 3546 377 3637 ess'e
405 3546 619 3662 judicavi.
646 3555 790 3656 Quare
815 3547 890 3632 has
918 3575 1060 3636 ornnes
1089 3553 1142 3634 ad
1202 3553 1390 3663 ropriam
1412 3581 1475 3644 res

198 3666 444 3752 vocavimus
474 3657 631 3750 classem
654 3723 666 3760 ,
693 3661 922 3750 &novam
949 3655 1132 3748 dedimus
1168 3659 1316 3760 edem,
1343 3663 1476 3752 forbi-

200 3790 288 3866 ct'nae
308 3785 481 3864 'retento
515 3775 706 3872 nomine,
734 3769 1016 3889 quoabitalis
1038 3772 1199 3859 colonis
1220 3773 1341 3861 hasce
1361 3775 1473 3892 psan-

196 3911 260 3976 tas
290 3915 430 3977 nuncu
464 3887 522 3972 ari
563 3887 817 4003 deprehendi
848 3948 860 3984 ,
889 3909 936 3973 ut
962 3886 1013 3971 de
1043 3907 1161 3994 cyano
1192 3948 1205 3983 ‚
1233 3899 1473 3988 centaurio,

197 4007 382 4122 cyanoide
420 3914 587 4090 sicinus
626 4064 639 4100 ‚
679 4029 817 4120 neque
845 3999 889 4084 id
915 3996 996 4084 fine
1026 3995 1176 4084 Clariis
1206 3999 1403 4088 Virorum
1434 4031 1475 4086 e·

195 4115 370 4232 memplo
395 4151 410 4215 ,·
451 4113 668 4228 praesertim
711 4143 806 4201 cum
834 4111 1031 4198 forbicina
1071 4141 1093 4198 a
1122 4115 1282 4196 uidente
1311 4110 1474 4198 differat

191 4251 280 4317 non
304 4255 469 4347 papprs,
485 4253 577 4318 non
593 4225 791 4347 squamis,
817 4252 908 4314 non
930 4222 1082 4346 calycis
1110 4219 1472 4425 capitulorumpue

1049 4341 1179 4450 Q4
1344 4335 1385 4422 di
