4168 5418
668 282 725 388 ῳ
882 265 1614 384 ANTHOLOGJAE

598 383 718 478 facile
747 401 801 476 ex
829 386 916 480 illo·
932 387 1146 483 accliviori
1173 388 1274 480 loco
1305 387 1619 510 propellantur.
1656 395 1882 492 Hunc-'ma

599 525 685 591 tem
714 505 996 615 appendiculae
1025 507 1137 594 usum
1164 507 1207 590 in
1233 501 1434 602 floribus,
1463 534 1555 623 quo
1583 507 1729 600 clarius
1759 511 1882 598 innon

599 614 748 711 tescat,
777 616 820 722 in
846 616 1036 731 stirpibus
1064 614 1273 708 nonnullis
1301 621 1493 708 minutius
1523 621 1795 734 explicamus.

422 703 578 873 ἓξὲξ·
630 735 814 834 ¹Linrric
841 737 1040 844 vulgaris,
1069 736 1175 816 lutea
1191 791 1204 828 ,
1220 731 1320 848 flare
1347 761 1487 852 majore
1516 733 1566 825 C.
1593 738 1635 816 B.
1662 744 1744 820 Pin.
1773 759 1886 829 212,

482 835 489 851 '
550 832 558 854 ⁸
710 839 758 924 &
788 831 993 1034 Tourpef.
1020 845 1101 952 Inst.
1125 845 1175 932 R.
1197 849 1313 934 Hrrb.
1340 874 1428 957 ¹70·
1451 853 1608 929 Linariae
1623 854 1748 961 prima
1766 842 1886 932 Dod.

708 966 797 1034 Pem
818 977 848 1035 t.
882 985 895 1034 1
961 1019 970 1037 .

595 1062 640 1148 in
668 977 819 1172 spicanl
846 987 1222 1194 dispgfitosgignit
1247 1064 1411 1162 flores,
1439 1063 1767 1182 monopetalos‚
1794 1093 1879 1151 ma-

595 1195 737 1292 gnos,
779 1171 1031 1272 anomalos,
1072 1205 1147 1296 qur
1176 1180 1219 1260 in
1246 1179 1357 1266 duas·
1378 1199 1514 1291 partes
1544 1175 1797 1292 inaqualiter
1826 1177 1881 1260 se-

528 1308 532 1314 ’
596 1305 775 1380 cantur,
848 1313 992 1376 uarum
1018 1286 1058 1373 su
1093 1290 1207 1380 erior
1248 1291 1381 1381 trifida
1408 1287 1496 1388 est,
1534 1288 1681 1377 sursum
1718 1283 1880 1375 reflexa·

595 1391 751 1482 labium
778 1309 995 1484 eflqormms
1025 1314 1089 1485 acl
1099 1429 1146 1487 os
1177 1402 1327 1514 (quod
1348 1429 1404 1487 cx
1422 1399 1581 1490 duabus
1602 1397 1784 1512 partibus
1808 1397 1875 1504 fit)

596 1533 823 1606 croceum,·
852 1505 1025 1595 inferior
1055 1511 1224 1598 induas
1252 1511 1448 1598 scinditur
1475 1536 1613 1626 partes
1639 1576 1649 1596 .
1678 1509 1877 1595 Produci-

596 1637 664 1703 tur
691 1613 811 1704 floris
839 1616 1084 1709 fundumin
1112 1621 1307 1719 caudam,
1331 1624 1378 1709 'in
1397 1649 1482 1740 qua
1509 1619 1639 1708 dulcis
1659 1620 1799 1707 succus
1820 1619 1877 1706 se}

594 1751 787 1846 paratur3
818 1738 917 1852 qui,
948 1733 1152 1826 crescente
1179 1731 1337 1831 fructu,
1367 1734 1436 1830 δι,
1461 1729 1574 1818 flore
1599 1732 1793 1818 deorsum
1813 1732 1879 1836 in..

595 1840 784 1941 clinato,
820 1842 1071 1944 effunditur,
1099 1850 1148 1937 &
1174 1850 1227 1936 ad
1252 1844 1577 1937 humestandum
1603 1843 1898 1942 embrvonern.

594 1951 839 2046 descendit.
876 1959 1104 2047 Adhaerent
1131 1962 1321 2050 interiori
1348 1960 1495 2075 parieti
1533 1950 1903 2078 quamor‘stami--

529 2117 531 2124 s
595 2089 680 2162 na,
707 2093 890 2184 quorum
918 2072 1006 2161 duo
1036 2073 1229 2166 breviora
1255 2069 1376 2169 sunt,
1415 2068 1502 2157 duo
1530 2067 1761 2186 longiora.
1799 2069 1879 2150 His

594 2179 733 2292 apices
763 2181 863 2272 lutei
891 2185 1193 2313 imponuntur.
1235 2188 1331 2270 Pars
1370 2208 1503 2296 porro
1541 2178 1661 2268 floris
1701 2177 1878 2262 interior

593 2287 695 2376 tuba
722 2291 918 2382 instructa
946 2325 989 2382 tn
1017 2302 1135 2413 apice
1164 2292 1307 2394 crall‘a,
1335 2292 1481 2383 crescit
1501 2295 1549 2379 in
1576 2289 1757 2378 frustum
1782 2284 1881 2404 glo-

596 2399 778 2498 bosum,
820 2417 894 2517 'per
921 2404 1077 2520 septum
1106 2409 1266 2494 induo
1304 2401 1580 2497 loculamenta
1617 2399 1878 2496 distinetuma

595 2513 641 2594 in
671 2512 820 2623 quibus
851 2515 1154 2632 semina'parva
1177 2540 1392 2632 ponuntur
1409 2579 1429 2599 ..
1445 2511 1678 2602 suffulcitur
1705 2508 1899 2612 fructum

595 2640 645 2708 ut
673 2623 795 2712 eriam
820 2623 903 2714 llos
932 2629 1072 2752 calyce
1097 2631 1276 2754 exiguo,
1304 2629 1350 2716 &
1376 2627 1741 2752 quinquepartito.
1873 2695 1879 2704 .

419 2803 496 2876 ‘rab
515 2801 566 2873 lv
652 2736 847 2828 Secundo
876 2739 976 2828 loco
1004 2744 1058 2831 de
1844 2810 1847 2816 .

419 2852 575 2977 μμ]
652 2854 846 2960 ocimastro
873 2857 1112 2944 Valeriiortho
1141 2855 1251 2946 Lob.
1279 2857 1477 2941 Valeriana
1504 2855 1621 2941 rubra
1647 2855 1697 2940 C.
1718 2857 1762 2941 B.
1785 2857 1874 2936 rina

715 2971 818 3070 165,
848 2965 897 3050 &
923 2965 1125 3056 Tournef.
1152 2973 1233 3078 Jnst.
1261 2970 1312 3058 R.
1339 2969 1453 3052 Herb.
1486 2999 1576 3080 13-1.
1622 3025 1628 3040 ·

595 3070 724 3165 verba
750 3071 931 3169 faciam,
969 3085 1095 3187 cujus,
1110 3103 1276 3190 genuS,
1317 3078 1363 3161 &
1390 3104 1464 3163 cur
1492 3077 1773 3166 constituerim
1799 3073 1877 3162 suu

595 3183 696 3272 loco
725 3180 967 3296 explicabo.
1624 3293 1628 3300 Ι
1675 3223 1679 3231 ·

649 3297 747 3380 Hoc
776 3293 1014 3383 desummo
1042 3292 1158 3389 caule
1186 3296 1230 3378 in
1259 3291 1475 3382 umbellam
1508 3295 1719 3414 dispofitor
1756 3289 1876 3384 effert

496 3407 497 3412 '
594 3404 742 3504 flores,
776 3409 851 3525 qui
877 3406 1135 3522 monopetali
1162 3409 1287 3506 sunt,
1318 3408 1528 3508 anomali,
1556 3407 1767 3506 tubulati‚
1795 3433 1873 3522 per

595 3549 715 3608 oram
741 3519 785 3604 in
816 3542 952 3636 partes
982 3520 1239 3638 inaequaliter
1265 3519 1384 3619 sesti,
1412 3519 1645 3644 rubrique.
1672 3521 1873 3608 Desinunt

593 3635 855 3719 extremitate
882 3628 1066 3722 inferiori
1095 3636 1138 3721 in
1166 3635 1266 3724 duas
1290 3657 1445 3749 partes,
1473 3665 1650 3755 quarum
1671 3664 1751 3724 una
1770 3633 1873 3719 lum*

594 3769 668 3834 mo
691 3746 907 3864 embryoni
934 3749 1187 3862 affiguntur,
1217 3744 1346 3834 altera
1373 3751 1665 3862 producuntur
1703 3753 1746 3834 in
1776 3772 1871 3832 cau·

595 3851 690 3939 dam
715 3914 728 3950 ,
755 3857 799 3940 in
827 3883 912 3973 qua
938 3841 1066 3948 dulcis
1094 3863 1234 3950 succus
1261 3859 1442 3952 servatur
1466 3929 1474 3948 .
1513 3866 1593 3950 Hic
1623 3887 1792 3957 autenm·
1810 3860 1870 3942 ln-

593 3961 752 4053 clinato
779 3963 892 4054 flore
921 3975 1068 4088 (quod
1096 3974 1316 4098 contingit,
1343 3977 1440 4065 dum
1452 3976 1738 4064 contabescere
1767 3974 1869 4056 inci*

590 4077 677 4191 pit,
705 4099 777 4168 aut
803 4079 903 4170 dum
924 4114 947 4168 a
972 4081 1118 4197 pluviis
1139 4085 1410 4201 deprimitur)
1439 4091 1490 4175 ad
1510 4088 1780 4207 embryonem
1797 4085 1869 4172 de·

590 4189 746 4282 scendr't
770 4260 780 4280 .
805 4197 1026 4283 Ornantur
1054 4194 1179 4286 flores
1208 4197 1374 4287 stamine
1403 4227 1491 4286 uno
1518 4197 1679 4300 crass'o,
1708 4201 1775 4286 cui
1801 4225 1871 4289 rua

590 4297 667 4408 ,ber
694 4333 805 4434 apert
831 4303 993 4406 inlldtt.
1021 4308 1195 4400 Inferior
1220 4339 1316 4430 pars
1336 4310 1436 4401 tuba
1457 4309 1675 4416 instructa,
1702 4311 1768 4400 cui
1785 4299 1870 4398 flo-

1745 4446 1812 4512 l'CS
