4168 5418
505 225 722 325 ΗΒΕ
844 229 883 320 Ρ
970 221 1233 322 leS.‘
1372 243 1432 324 τι

231 351 376 448 lomet,¹
401 356 548 448 onero,-
575 345 661 433 aliis
688 225 872 462 deffique
906 229 1084 433 ilnnino
1112 347 1413 454 obtruncavit3
1443 349 1505 444 ita

233 457 372 550 ferunt
396 466 563 558 Pelium,
589 468 826 554 Teucriam,
853 458 1115 572 Chemadrys,
1142 461 1317 575 ungula,
1343 462 1505 548 Chem-

228 584 345 688 pitys.
373 570 489 684 Quid
515 593 656 662 autem
680 569 734 656 de
760 594 860 655 cura
888 565 1173 688 &diligentia
1201 597 1286 688 qua
1313 599 1361 658 os
1391 597 1503 660 exte·

226 684 334 780 rius,
362 683 411 771 δι
435 683 612 771 interior
638 683 706 772 via
731 681 1002 778 muniuntur,
1031 679 1166 768 dicam
1184 693 1206 794 ἒ,
1235 683 1295 770 Os
1325 682 1371 770 &
1399 685 1504 772 inte.

229 795 351 879 rioris
389 791 604 884 canaliculi
642 788 869 908 superficies
896 791 1104 921 glutinoso
1145 791 1268 882 succo
1297 795 1502 912 inungun-

230 927 321 1003 tur,
348 905 518 1103 adp'eoiis
546 905 766 994 innumeris
793 899 962 998 fistulis,
989 903 1209 996 humorem
1235 902 1393 994 lentum
1419 907 1501 992 affi-

226 1015 309 1102 due
335 1016 399 1104 stil
415 1019 597 1114 antibus,
623 1040 803 1134 quarum
822 1012 1030 1102 nonnullo
1051 1043 1106 1102 ex
1132 1017 1220 1130 ipso
1241 1018 1407 1110 interno
1428 1045 1500 1133 pa·

224 1128 332 1214 riete
357 1131 558 1228 eminent,
589 1149 636 1214 ut
663 1129 789 1242 usque
816 1125 868 1212 ad
895 1151 1013 1212 axem
1041 1150 1151 1214 tutus
1180 1125 1227 1212 ὃ(
1252 1127 1383 1216 invius
1406 1157 1501 1218 eva-

223 1238 342 1324 cleret
369 1240 514 1341 tubus,
542 1268 634 1358 quo
664 1235 820 1327 facilius
848 1231 1089 1325 animalcula
1116 1237 1370 1326 minutiffima
1397 1263 1498 1352 pro·

221 1347 489 1440 biberentur.
513 1359 632 1439 Hanc
654 1373 795 1438 autern
815 1347 921 1433 tubae
940 1346 1206 1446 nuuuram,
1228 1373 1326 1438 cum
1346 1351 1388 1434 in
1407 1347 1498 1464 plu.

221 1461 337 1548 ribus
363 1460 530 1550 floribus
558 1487 725 1550 comere
750 1455 867 1554 licet»
895 1475 983 1546 tum
1010 1461 1256 1574 potiffimum
1282 1461 1325 1550 in
1351 1465 1496 1578 cerass,

221 1575 415 1670 Gladr'olr',
440 1575 556 1670 rabi,
583 1575 760 1672 Nerrrffi,
786 1569 907 1666 retii,
929 1579 966 1652 T
964 1576 1070 1690 ulr'pae
1088 1569 1279 1660 floribus·
1303 1572 1495 1662 Nonnul-

209 1677 269 1766 1ae
296 1685 416 1768 etiam
445 1683 534 1808 pilis
562 1677 793 1878 sepiuntur,
820 1678 961 1796 quales
988 1705 1216 1774 occurrunt
1242 1685 1287 1768 in
1314 1693 1426 1784 Lino,
1450 1698 1493 1774 in

217 1799 420 1906 Aquileia,
447 1821 492 1878 1n
518 1806 588 1878 Tit
608 1800 756 1908 ymo,
771 1792 1053 1896 Helienthrm,
1073 1799 1269 1908 cydonia,
1293 1809 1490 1914 Fragarr'e.

215 1908 316 2010 Qua
339 1925 481 1994 autem
504 1905 815 1999 machinatione
841 1903 1033 1996 tubarum
1059 1935 1106 1994 os·
1134 1900 1347 1996 fabrefecit
1374 1933 1490 1997 natu-

213 2037 285 2109 ra,·
314 2015 581 2133 inflexitque,
608 2015 903 2131 pretermittot
933 2043 1027 2104 nam
1054 2037 1241 2114 tantam,
1270 2046 1319 2104 ac
1345 2023 1489 2130 preci..

216 2147 344 2236 poam
370 2123 415 2208 in
438 2130 544 2212 flore
570 2149 727 2216 naturae
753 2122 983 2225 solertiam,
1004 2129 1053 2214 &
1078 2157 1219 2218 veram
1247 2129 1329 2216 vim
1348 2127 1487 2228 video,

215 2256 264 2320 ut
288 2239 416 2350 magis
444 2237 667 2337 admirari,
708 2263 836 2354 quarn
863 2239 1063 2354 attingere
1100 2238 1290 2328 valeam.
1329 2239 1487 2328 Verum

213 2344 304 2432 haec
334 2351 387 2432 de
415 2348 605 2438 tubarum
632 2344 869 2436 differentiis
897 2356 981 2464 jam
1009 2349 1097 2440 satis
1121 2390 1132 2436 a
1154 2373 1407 2466 nuncpauca
1434 2349 1486 2446 de

214 2455 388 2570 ipsarum
414 2458 486 2550 usu
511 2459 813 2554 subneuanus.

484 2743 905 2836 onrur
1015 2743 1195 2878 xxm.

698 3001 762 3076 De
787 2988 883 3110 (aba
909 2985 1001 3102 uſse.

205 3198 500 3454 Postquam
526 3259 550 3320 a
577 3219 698 3320 nobis
726 3221 883 3320 nullum
909 3227 1058 3319 florem
1094 3226 1324 3350 embryone
1352 3213 1484 3319 dona·

325 3373 444 3441 turn,·
464 3345 539 3462 qui
568 3342 667 3430 tuba
695 3367 854 3442 careat,
880 3344 1052 3466 reperiri
1080 3341 1260 3434 breviter
1277 3339 1483 3434 ostensum

206 3457 291 3553 est,
314 3457 472 3544 rationi
499 3453 820 3542 consentaneum
849 3453 925 3540 ene
950 3453 1149 3552 videtur,
1188 3475 1234 3542 ut
1258 3452 1403 3542 tubam
1429 3453 1483 3540 ad

202 3564 364 3658 fructus
387 3563 632 3682 seminisque
669 3563 989 3680 explicationem
1017 3567 1269 3682 praecipuam
1307 3563 1354 3652 &
1382 3561 1483 3654 sum·

199 3708 274 3772 me
302 3674 562 3768 nocellariam
589 3673 666 3764 ell'e
692 3679 1004 3769 concedamus„
1045 3683 1319 3795 Quapropter
1344 3675 1483 3766 danda

200 3819 342 3906 opera
368 3789 456 3888 est,
486 3809 563 3886 ut,
591 3791 866 3904 quaeratione
893 3791 1089 3880 seminum
1114 3789 1349 3883 evolutioni
1377 3789 1480 3890 tube

200 3903 397 3994 itrserrire
424 3900 853 4024 pollit,inqu-iratnus·.
884 3903 1122 4022 Numquid
1150 3901 1259 3992 aliud
1288 3902 1481 4022 embryoa

200 4017 250 4104 ni
307 4015 464 4106 raestare
492 4013 629 4105 valeat
658 4015 881 4114 tuba,non
909 4013 1060 4114 video,·
1077 4016 1125 4102 &e
1149 4022 1375 4131 ,propterea
1394 4017 1483 4102 hoc

199 4127 247 4218 in
275 4045 375 4217 loco
403 4119 808 4226 illorumsententias,
836 4129 911 4250 qui
936 4127 1106 4220 mirifica
1133 4129 1321 4242 quadan
1343 4125 1395 4211 de
1420 4127 1483 4210 tu'·

200 4238 260 4360 ua
279 4237 549 4362 scripserunt„
588 4239 872 4369 occultando
911 4265 1185 4360 nequaquam
1209 4235 1485 4340 herebimuse

254 4425 261 4434 .
1318 4373 1434 4464 quoq
