4126 5420
675 267 737 364 m
899 233 1641 364 DISSERT'ATIO¹
1858 345 1868 360 Α

604 371 682 467 bus
712 363 869 456 cruciat
896 383 1145 480 aegrotantes
1166 359 1449 450 .·R.hizotomi
1479 382 1646 472 porro,
1674 355 1751 476 qul
1770 357 1887 450 haud

608 483 840 595 plantarum
868 471 1093 571 facultates,
1121 473 1187 557 sed
1218 475 1385 586 pondus
1409 491 1621 588 quarunt,
1651 497 1705 555 eo
1735 475 1890 585 potilsr·

604 623 739 682 mum·
758 613 946 702 tempore
987 584 1235 681 effodiunt,
1270 613 1370 704 quo
1408 581 1475 675 ub·
1494 582 1680 668 humoris
1723 586 1891 696 copiam

604 696 929 820 pondorosrores
968 699 1126 786 radices
1167 693 1242 782 smt
1274 734 1289 796 ‚-
1332 727 1381 782 ac
1409 723 1462 780 co
1488 696 1622 810 magis
1655 696 1893 784 conseerar-

608 840 707 912 tur,
737 841 826 931 quo
854 809 1039 898 uberiori
1068 808 1157 893 solo
1194 810 1482 896 innascuntur.
1511 814 1614 892 Sunt
1639 810 1763 896 etiam
1790 809 1893 927 qui,

605 956 659 1014 ne
688 952 821 1012 verno
851 945 1039 1035 tempore
1068 920 1169 1007 ltine
1201 925 1301 1008 inde
1330 922 1467 1007 rimari
1496 939 1735 1035 cogantur,
1763 945 1893 1039 quam

606 1038 679 1150 pin
711 1035 867 1122 uiffimo
896 1033 1026 1117 horto
1055 1034 1187 1116 omnis
1229 1033 1417 1122 stercoris
1445 1056 1601 1148 genere
1629 1027 1889 1146 indulgendo

605 1063 718 1263 quaglr
743 1147 785 1227 in
805 1146 1097 1258 promptuario¹
1119 1147 1306 1232 nutriunt
1333 1213 1342 1230 .
1372 1147 1477 1235 Sunt
1498 1166 1635 1231 autem
1655 1139 1888 1257 plerunque

605 1260 835 1346 Tormentill
890 1317 901 1350 ,
931 1259 1118 1366 Bistonii,
1149 1271 1411 1356 Scorzonera,
1440 1264 1636 1372 Cyclmen
1676 1258 1763 1339 ,Et
1788 1257 1888 1342 dum

607 1369 659 1458 ad
689 1366 808 1454 urbes
838 1363 1045 1464 afferunt,
1079 1394 1141 1450 ne
1169 1367 1380 1458 exsiccata
1411 1371 1600 1483 pondere
1631 1365 1889 1463 decrescant,

606 1483 660 1568 ad
688 1505 829 1564 omnes
857 1474 995 1564 fontes
1017 1542 1029 1576 ,
1054 1478 1110 1562 ad
1140 1507 1282 1566 ornnes
1311 1486 1422 1572 rivos
1447 1477 1693 1575 declinant,
1721 1479 1884 1569 iteam·

604 1593 685 1679 dua
715 1587 926 1677 ablutione
953 1621 1002 1676 ac
1028 1593 1309 1678 maceratione
1338 1601 1419 1705 jam
1441 1588 1599 1678 viribus
1623 1587 1795 1676 Medicis
1817 1619 1884 1680 on

518 1727 526 1746 ¹
606 1705 717 1792 bate.
737 1699 1007 1793 venduntur.
1240 1767 1247 1776 -
1306 1755 1324 1771 ··
1573 1763 1577 1770 -
1872 1765 1877 1774 -

604 1879 610 1888 .
664 1815 729 1901 Ab
773 1811 914 1898 radice
941 1815 1007 1901 rad
1046 1813 1204 1901 caulem
1228 1846 1292 1902 -ac
1329 1813 1428 1904 folia
1456 1817 1700 1903 transeamus
1737 1840 1750 1898 a
1792 1811 1886 1906 hee

639 1955 780 2044 unque
814 1954 900 2010 non
931 1952 1025 2014 ante
1054 1925 1299 2041 carpenda,
1339 1955 1466 2043 quam
1495 1931 1617 2042 primi
1645 1929 1767 2010 nores
1797 1957 1887 2016 are·

602 1954 712 2124 icere
741 2039 973 2152 incipiantt
1004 2061 1103 2127 tunc
1133 2042 1244 2126 enim
1272 2041 1334 2126 he
1355 2064 1492 2155 partes
1512 2039 1793 2126 maturitatem
1812 2039 1885 2126 he-

608 2151 728 2246 bent,
757 2181 805 2250 ac
835 2147 1162 2264 perfeetionem.
1192 2160 1332 2261 Quam
1360 2153 1720 2266 opportunitatem
1748 2151 1883 2261 paffira

603 2261 836 2380 negledtam
864 2263 1026 2366 vide03
1058 2267 1261 2379 quoniam
1289 2291 1378 2349 non
1407 2293 1455 2349 ea
1484 2261 1586 2350 inest
1612 2261 1877 2360 florentibura

602 2373 654 2460 &
682 2372 839 2459 adultis,
882 2370 1004 2458 lautis
1034 2435 1046 2469 ,
1077 2403 1169 2489 que
1199 2377 1355 2463 tenellis
1388 2437 1401 2471 ,
1429 2375 1537 2462 succi
1569 2371 1731 2460 ubertus
1759 2374 1879 2462 valde

604 2485 787 2594 expetita
817 2514 840 2569 a
904 2483 1219 2572 medicaminum
1240 2489 1409 2598 copiam
1441 2482 1792 2600 comparandam.
1820 2493 1879 2574 At

603 2595 758 2679 Medici
791 2597 972 2683 officium
1003 2596 1091 2692 est,
1121 2595 1365 2717 &ingenui
1399 2600 1525 2686 etiam
1555 2597 1673 2691 viri,
1699 2593 1881 2684 medica·

604 2731 852 2833 mentorum
868 2705 1137 2824 prostantiam
1168 2735 1383 2832 quarere,
1424 2707 1749 2828 facultatesque,
1788 2733 1881 2798 non

603 2843 875 2934 quantitatem
900 2886 909 2905 .

658 2932 696 3014 si
726 2955 861 3019 autem
888 2935 1012 3018 florea
1031 2929 1237 3021 necell‘arii
1265 2939 1383 3034 sunt,
1412 2958 1458 3022 ut
1484 2936 1764 3050 sepenumero
1788 2937 1875 3026 usu·

601 3042 717 3125 venit
745 3065 844 3128 tunc
878 3040 1072 3161 legendi,
1101 3051 1393 3160 cumprimum
1424 3048 1706 3162 explicantur,
1733 3075 1875 3168 neque

600 3147 699 3260 sole]
720 3151 903 3251 exsucci,
930 3181 1069 3272 neque
1090 3183 1188 3243 rore
1208 3162 1359 3258 madidi
1371 3189 1385 3263 3
1408 3159 1589 3272 apicibus
1609 3187 1662 3246 ue
1695 3189 1747 3248 ua
1781 3189 1878 3252 uam

599 3260 805 3466 pbjediis,
835 3286 882 3356 ut
907 3265 1038 3385 vulgo
1065 3266 1113 3353 fit
1132 3297 1146 3370 3
1177 3301 1225 3358 ea
1248 3275 1359 3360 enim
1379 3297 1473 3389 para
1508 3274 1620 3360 floris
1642 3187 1702 3364 ed
1722 3187 1885 3364 adivis-

618 3403 718 3466 una.
1079 3443 1084 3456 .
1214 3445 1220 3460 .
1760 3446 1768 3460 ,
1870 3411 1876 3454 .’

656 3489 825 3578 Fruitur
873 3518 979 3582 vero
1016 3494 1055 3578 vii
1083 3499 1317 3588 maturitate
1348 3495 1523 3616 perfedti
1553 3499 1687 3599 sunt,
1729 3499 1879 3617 quibat

598 3605 621 3708 (
644 3601 864 3718 postquam
883 3604 1109 3694 naturalem
1129 3609 1417 3702 evolutionem
1439 3613 1551 3700 natii
1560 3607 1795 3701 decrescere
1815 3613 1877 3694 in-

600 3715 830 3826 ceperint)
860 3714 975 3800 calor
1007 3716 1062 3800 in,
1084 3719 1336 3833 epidermide
1368 3733 1482 3836 juxta
1503 3721 1653 3838 plante
1686 3745 1877 3810 naturam

600 3847 774 3936 apparet
795 3829 1009 3913 laturarior
1033 3891 1043 3922 .
1072 3833 1204 3943 Qrod
1225 3831 1424 3926 indicium
1442 3834 1532 3932 est,
1561 3859 1705 3924 omnes
1729 3837 1773 3922 in
1793 3827 1876 3920 fru-

600 3935 672 4026 &u
696 3931 848 4059 ‘succos
884 3936 928 4060 in
966 3941 1163 4030 utriculos
1194 3949 1258 4049 (a
1288 3947 1435 4066 quibua
1458 3945 1720 4062 epidermidis
1752 3943 1876 4032 color

597 4047 809 4150 nascitur)
840 4046 915 4136 elle
945 4049 1124 4170 digestos
1153 4057 1255 4170 ..Lo
1291 4087 1371 4146 uor
1397 4083 1547 4150 autem
1576 4059 1628 4146 de
1661 4053 1834 4150 carnosis
1862 4065 1879 4154 .'
1953 4065 1955 4070 ’

597 4161 644 4247 &
669 4155 862 4249 mollibus
873 4196 890 4262 ;
916 4187 1012 4258 nam
1031 4163 1124 4256 sicci
1144 4189 1244 4262 tunc
1258 4079 1461 4294 leguntur
1482 4231 1497 4273 ,
1525 4199 1623 4268 cura
1643 4193 1784 4268 uterus
1803 4165 1883 4274 dii«,

1745 4399 1823 4510 §n

596 4272 736 4386 rumpi
757 4271 927 4390 incipit.
981 4348 990 4366 ,
1049 4354 1056 4368 .
1121 4367 1128 4382 ,
1191 4359 1235 4388 ,ι
