4130 5424
614 269 691 364 ·4·
851 215 1555 338 DISSE'RTATIO

551 357 784 457 'distrillmm
813 373 903 441 tum
930 343 1099 464 reliquo
1129 343 1226 431 vitae
1254 335 1689 457 cursu,.sa1temgrati
1716 345 1847 438 animi

556 477 743 568 officium
770 461 960 584 prestare
987 483 1078 544 non
1105 451 1319 540 defimm.
1355 458 1516 538 Interea
1544 456 1607 539 Te
1630 515 1642 549 ,
1670 464 1841 570 Prata.

427 689 430 694 ,
553 598 680 697 riffim
708 585 936 670 Moderator
963 632 976 670 ,
1002 593 1260 700 magnopere
1290 591 1472 680 precor,
1502 584 1549 650 ut
1575 566 1679 654 milri
1708 570 1762 658 de
1780 561 1839 664 ‘r'e

551 696 755 792 Botanica
781 691 923 780 dicere
954 685 1195 797 incipienti,
1225 676 1393 796 qualem
1415 677 1614 766 haetenus
1643 683 1708 766 Te
1735 712 1839 802 prae,

553 812 697 906 builli,
726 802 850 892 talem
866 794 1111 916 impertiaris
1123 823 1138 900 3
1168 790 1280 882 dabo
1307 815 1418 882 emm
1445 816 1643 906 operam,
1671 815 1718 884 ut
1739 827 1838 892 cum

555 926 715 1020 summo
744 918 899 1034 loquar
924 917 1084 1008 Poeta,
1231 1020 1233 1024 .
1297 949 1300 954 ·
1873 918 1886 924 ·

555 1040 558 1044 ’
732 1067 736 1078 ·
784 1081 868 1108 ..-
892 1059 941 1117 ise
969 1034 1012 1109 in
1033 1022 1188 1141 publice
1213 1019 1404 1110 rimata.
1422 1025 1592 1140 peccem,¹
1633 1089 1636 1098 .

553 1145 683 1268 longa
710 1143 757 1233 &
783 1135 993 1258 producite
1021 1132 1215 1224 oratione
1244 1135 1340 1243 Ius
1380 1153 1572 1256 tempora
1603 1139 1837 1250 morando}

442 1475 445 1480 Δ
554 1380 687 1606 ET
709 1395 757 1464 ut
781 1365 959 1488 pleniori
981 1362 1185 1492 obsequio
1206 1361 1399 1452 mandata
1418 1391 1632 1488 exequar,
1662 1365 1842 1494 oprimis?

678 1487 915 1603 plantarum
942 1479 1122 1565 exordiis
1149 1475 1375 1602 Botanicen
1389 1479 1577 1566 tradendi
1596 1500 1707 1565 ratio
1734 1479 1843 1566 inihi

558 1593 1031 1696 esseducendavidetur3
1060 1593 1341 1700 itaemmquae
1370 1587 1564 1704 deinceps
1591 1589 1843 1707 substquen

557 1717 666 1807 tibus
687 1705 1021 1800 diebusdisturus
1049 1702 1134 1789 sum
1161 1700 1213 1784 de
1239 1701 1363 1796 flore,
1391 1699 1445 1786 de
1472 1699 1633 1799 fruito,
1661 1700 1715 1784 de
1743 1708 1838 1790 Me*

557 1819 724 1922 chorio,
751 1823 803 1908 de
831 1813 1113 1910 facultatibus,
1140 1809 1187 1896 &
1214 1807 1443 1938 singillatim
1462 1813 1548 1899 dei
1579 1812 1625 1898 srs
1646 1809 1839 1928 stirpibus

558 1939 614 2030 ab
642 1959 907 2054 unoquoque
935 1922 1089 2015 facilius
1110 1920 1433 2039 percipientur,
1473 1922 1520 2010 &
1547 1839 1701 2012 idelius
1740 1927 1840 2012 reti-

559 2051 799 2141 nebuntur.
836 2049 1102 2131 Nontamen
1128 2036 1217 2124 haec
1258 2061 1312 2122 eo
1356 2031 1529 2122 consilio
1567 2040 1841 2154 attingemus,
1898 2099 1901 2105 -

561 2188 609 2256 ut
637 2187 726 2246 non
754 2154 923 2275 vulgata
950 2151 1205 2246 traetantes,
1245 2167 1317 2234 eut
1344 2168 1463 2232 extra
1491 2147 1698 2244 modum,
1734 2151 1845 2238 intre

562 2303 692 2393 quem
728 2269 880 2382 reliqui
920 2257 1169 2349 Profcll‘ores
1209 2256 1500 2359 constiterint,
1553 2282 1846 2361 excurrentes,

561 2385 721 2506 ingenii
748 2383 771 2468 s
793 2381 882 2464 ecie
913 2374 1190 2468 blandiamur-5
1218 2370 1284 2456 sed
1313 2371 1434 2488 quod
1459 2367 1571 2460 nulla
1599 2371 1675 2460 alia
1688 2375 1842 2487 aptior,

562 2499 611 2589 &
638 2521 746 2609 expe
781 2492 875 2576 ‘tior
903 2490 970 2576 via
997 2483 1118 2570 nobis
1147 2483 1288 2568 omnia
1308 2503 1470 2572 mature
1492 2486 1843 2601 perpendentibus

551 2629 793 2702 occurrat,
831 2627 962 2722 quam
988 2593 1286 2684 commendatis
1314 2595 1469 2684 horum
1496 2599 1752 2711 optimorum
1776 2605 1841 2709 ju

479 2784 486 2794 -
562 2747 719 2816 venum
745 2715 921 2839 ingeniis
951 2707 1241 2804 ostendamus,
1271 2729 1318 2794 ut
1345 2712 1550 2798 Botanicis
1579 2709 1847 2798 institutioni·

563 2837 672 2934 bus,
699 2819 1115 2950 quantulum-nostra
1143 2818 1225 2908 fert
1252 2817 1463 2908 infirmitas
1488 2883 1500 2920 ,
1527 2851 1624 2908 com
1680 2821 1842 2909 ndirrio

563 2949 823 3038 imbuantur.
849 2940 928 3024 Hic
952 2935 1131 3050 primus,
1160 2933 1448 3048 &proecipuus
1479 2934 1538 3022 cst
1564 2935 1606 3017 in
1645 2939 1747 3022 ituti'
1764 2961 1842 3020 no‹

565 3058 636 3146 stri
665 3057 835 3168 scopus,
864 3075 955 3162 quo
985 3043 1237 3160 proposito,
1267 3046 1425 3132 cunctis
1452 3043 1697 3134 satisfactum
1724 3044 1844 3138 volu

564 3195 681 3266 mus,
708 3189 761 3250 ne
790 3163 925 3250 nimie
951 3155 1192 3246 damnemur
1202 3159 1420 3256 novitatis,
1449 3158 1715 3279 sialiquando
1736 3185 1844 3246 non-

563 3277 701 3378 nulla,
729 3303 823 3396 quae
851 3269 990 3390 primo
1018 3269 1181 3384 aspeiiu
1211 3265 1374 3358 fortalie
1400 3274 1532 3360 minus
1551 3268 1851 3374 necessiriavi·

566 3393 799 3489 debuntur,
828 3413 920 3476 non
947 3382 1268 3498 judicaverimus
1301 3383 1599 3472 subtrahenda.
1628 3389 1737 3498 Nom
1765 3413 1844 3470 cte-r

563 3510 676 3606 teri,
708 3503 912 3624 quoniam
937 3498 1107 3614 ingenio
1132 3559 1145 3594 ,
1172 3493 1391 3596 fecundia,
1420 3497 1587 3584 dicendi
1615 3497 1685 3588 usu
1714 3494 1844 3614 polle-

566 3619 690 3717 bant,
718 3617 852 3706 minus
880 3608 1042 3698 forcalle
1070 3605 1145 3696 suis
1175 3605 1405 3708 rationibus
1434 3610 1631 3726 expedire
1649 3612 1844 3700 liaeccen·
1873 3635 1877 3640 ·

567 3732 758 3817 suerunt:
789 3753 866 3811 nos
895 3751 1022 3821 vero,
1051 3721 1202 3838 quibus
1228 3723 1324 3809 haec·
1349 3728 1488 3812 omnio
1511 3743 1749 3812 ornamenta
1771 3721 1843 3807 de-

566 3842 695 3936 sunt,
732 3839 817 3926 hoc
847 3863 954 3924 onus
984 3835 1145 3948 insuper
1173 3835 1294 3922 nobis
1337 3861 1463 3954 quarn
1492 3837 1742 3927 libentiffime
1772 3835 1846 3926 i1n÷

567 3977 796 4072 ponemus,
823 3945 1001 4047 laboris,
1030 3948 1076 4032 δι
1102 3945 1315 4036 industriae¹
1335 3947 1455 4037 laude
1483 3951 1696 4039 contenti.
1725 3948 1843 4060 Qin
1872 3957 1876 3962 ’

567 4069 718 4162 etiam,
746 4091 842 4150 etun
867 4058 987 4148 nullo
1013 4057 1097 4146 alio
1127 4062 1253 4174 pasto
1282 4064 1499 4152 Botoruces
1529 4067 1661 4179 princi
1693 4061 1731 4144 ia
1765 4079 1845 4148 aut

569 4179 703 4274 tradi,
731 4201 801 4269 aut
830 4171 1004 4295 intelligi
1033 4170 1145 4289 polle
1173 4173 1423 4279 videantur,
1443 4173 1513 4267 'ab
1541 4176 1624 4292 ipsa
1689 4171 1842 4288 'rpitun

570 4295 779 4402 Auatotnc
807 4291 970 4378 initium
992 4282 1211 4390 faciemus.
1293 4382 1297 4388 ¹

1687 4401 1792 4484 Por·-
