4126 5420
630 225 686 314 tl
857 202 1567 322 DIS-SERTATIO

621 334 771 424 Tertio
804 328 954 418 deinde
983 326 1083 414 loco
1113 353 1228 416 nova
1254 325 1358 423 alia,
1387 353 1481 444 qua
1500 326 1632 443 anagia
1661 327 1851 422 veristmi..

567 447 615 540 lis
645 445 899 540 videbatur,
937 469 992 526 ex
1050 438 1254 526 lantarum
1291 436 1452 556 Analyl't
1489 439 1695 542 inventa,·
1732 471 1848 548 nans,

567 591 664 652 cum
691 558 834 644 omnia
862 553 950 673 igni
978 467 1226 662 firbjicerent
1254 613 1266 647 ,
1294 547 1410 636 &in
1439 572 1577 664 partes
1605 557 1848 648 tenuiffitnas

567 676 826 792 redigerent,
859 694 952 787 quat
980 661 1155 778 chymica
1175 669 1365 777 principia
1392 661 1622 763 dicuntur,
1650 668 1849 864 puascun.

571 817 656 906 que
686 780 842 900 plantas
871 775 1081 892 partibus,
1110 773 1158 860 δι
1185 771 1355 871 forma,
1383 773 1433 859 &
1460 799 1632 863 nurnero
1675 778 1846 870 tmilibus

570 893 772 1012 componi
797 885 1132 1004 deprehendere,
1162 887 1321 974 easdem
1350 911 1528 1004 quoque
1554 884 1768 990 facultate,
1798 918 1849 984 ae

572 1012 726 1102 virtute
755 1001 896 1091 suniles
925 999 1194 1114 judicarunt.
1234 1005 1294 1084 Ita
1323 1027 1390 1084 ex„
1416 1025 1478 1113 gr.
1507 1004 1748 1113 Aristolorbr'a
1776 1015 1853 1094 elea.

574 1131 744 1215 maritis,
775 1123 879 1199 retra
908 1117 955 1196 C.
986 1114 1031 1198 Β.
1060 1121 1141 1196 Pin.
1198 1145 1302 1221 07„
1330 1110 1376 1198 δέ
1403 1115 1659 1212 Densleonis,
1686 1127 1762 1228 qni
1785 1131 1850 1205 Pri·

571 1235 708 1347 tofella
735 1234 955 1332 officinarum
982 1141 1190 1308 Toutnef
1212 1226 1292 1334 inst.
1319 1225 1370 1311 R.
1397 1225 1512 1318 Herb.
1540 1233 1659 1335 469„
1687 1253 1780 1424 cpuae
1805 1228 1853 1317 ll.

573 1367 732 1464 quores
760 1336 924 1433 similes,
955 1332 1096 1422 acidos
1106 1360 1283 1449 nempe,
1313 1335 1553 1436 continent,
1582 1359 1658 1451 par
1678 1369 1708 1424 o
1724 1343 1775 1440 ei,
1802 1355 1853 1431 at

575 1480 715 1548 terra,
745 1476 817 1565 par
844 1450 1016 1563 spiritus.
1032 1448 1198 1534 urinam
1218 1446 1442 1534 redolentis
1464 1451 1651 1562 pondus,
1679 1450 1765 1538 salis
1787 1482 1857 1545 ve-

579 1598 633 1658 ro
661 1560 792 1681 vulgo
822 1565 996 1648 volatilis
1022 1571 1185 1646 concreti
1210 1584 1264 1644 ne
1283 1560 1442 1646 micam
1456 1561 1647 1679 quidem,
1675 1561 1787 1650 sunili
1809 1595 1857 1655 ac

580 1678 730 1773 eadem
760 1669 954 1761 facultate
981 1671 1250 1759 credebantur
1274 1699 1289 1773 3
1319 1668 1541 1786 utriusque.
1556 1675 1668 1760 enirn
1696 1675 1745 1760 ὅτ
1772 1677 1859 1768 suet

581 1793 644 1888 ci,
670 1786 717 1874 ἃ
745 1781 961 1883 foliorum,
988 1781 1017 1870 fi
1044 1804 1252 1879 terantur,
1281 1780 1464 1872 adversus
1487 1780 1656 1874 vulnera
1678 1789 1861 1878 eximius

582 1901 694 1996 usus,
721 1897 899 1988 similiter
928 1894 1211 1992 exviscerum,
1240 1894 1652 2014 praecordiorumque
1680 1895 1861 1992 infarctu

580 2009 867 2104 laborantibus
898 2007 1121 2096 commode
1149 2003 1339 2094 medetur
1365 2028 1565 2120 utraque.
1593 2007 1659 2094 Ad
1687 2007 1801 2098 hunc
1830 2016 1863 2098 i-

582 2128 696 2246 gitur
724 2123 897 2212 modum
925 2120 972 2207 &
999 2121 1051 2206 de
1079 2117 1276 2246 singulis,
1302 2119 1346 2203 in
1376 2116 1526 2236 quibus
1555 2122 1699 2205 omnia
1722 2120 1861 2216 similia

584 2269 636 2328 ae
668 2241 801 2351 paria,
830 2233 874 2320 id
904 2233 1022 2320 statui
1053 2233 1165 2346 polle
1192 2227 1492 2346 opinabantur.
1521 2233 1655 2348 Qud
1667 2231 1862 2348 profesto

586 2377 691 2436 num
717 2371 862 2438 verum
889 2343 957 2442 fit,
984 2373 1089 2432 mox
1118 2343 1378 2434 videbimus.
1417 2349 1594 2457 Quanto
1621 2368 1756 2458 porro
1785 2346 1865 2436 llu-

587 2461 686 2556 dio,
715 2459 934 2556 industria,
964 2454 1129 2554 labore,
1191 2457 1324 2543 nantis
1350 2456 1527 2546 Maximi
1555 2456 1677 2572 Regis
1704 2460 1867 2547 munifi*

591 2572 730 2664 centia
758 2571 801 2656 in
827 2568 871 2654 id
900 2567 1059 2658 collatis
1088 2483 1262 2682 opibus,
1289 2567 1334 2652 in
1363 2569 1496 2686 Regia
1526 2567 1794 2656 scientiarum
1815 2579 1870 2658 A·

591 2683 773 2772 cademia
801 2680 1004 2771 Parifienst
1030 2681 1288 2770 elaboratum
1313 2675 1381 2779 stt,
1410 2704 1457 2770 ut
1483 2709 1540 2767 ex
1559 2679 1800 2796 'hujusmodi
1815 2691 1869 2770 A·

589 2819 762 2894 natorne
790 2818 902 2886 certa
931 2795 1165 2911 plantarunt
1193 2789 1399 2884 facultatis
1427 2794 1569 2910 regula
1598 2798 1687 2882 erui
1716 2791 1870 2910 pollet,

630 2909 691 2999 uis
720 2906 810 2998 latis
840 2935 921 3022 pro
949 2907 1150 3026 dignitate
1181 2908 1604 2997 commemoraverit?
1630 2910 1816 3005 Etenim,
1843 2905 1872 2992 li

593 2935 881 3132 diligentiam,
908 3015 1196 3136 solertiamque
1222 3018 1480 3131 spestenrus,
1559 3020 1602 3110 ui
1631 3047 1727 3108 cum
1748 3017 1876 3108 “Boul-

596 3132 726 3216 ducio
754 3129 1009 3247 geminoque
1037 3131 1302 3215 Marchantio
1330 3049 1603 3220 conferendus
1640 3128 1721 3230 fn,
1759 3135 1878 3222 inve:

596 3241 754 3330 niernus
784 3243 1017 3328 neminem:
1048 3239 1075 3326 fi
1106 3270 1211 3331 vero
1241 3240 1479 3356 plantarunt
1505 3263 1741 3344 numertun,
1770 3243 1878 3362 quid

595 3353 768 3472 amplius
798 3351 1117 3442 desiderandum
1154 3351 1313 3442 sitnon
1341 3355 1468 3447 video
1537 3357 1601 3444 ost
1627 3354 1715 3445 duo
1754 3387 1809 3444 ex
1841 3375 1881 3444 e-

597 3471 873 3556 rimentorum
897 3463 1044 3563 millia,
1073 3464 1241 3582 quade
1267 3469 1445 3556 totidem
1467 3383 1617 3582 pfdntis
1641 3470 1782 3560 sunnni
1809 3383 1882 3556 l'i·

598 3582 636 3667 ri
664 3581 870 3668 habuere.
900 3585 1080 3693 Qnapro
1113 3601 1176 3664 ter
1206 3577 1375 3668 all'erere
1398 3583 1565 3670 minime
1590 3581 1884 3678 dubitaverim,

600 3683 754 3779 fress'et
783 3689 1029 3780 mortalibus
1059 3606 1217 3808 aliquid
1244 3693 1347 3780 certi
1376 3690 1494 3808 super
1520 3693 1602 3782 hac
1631 3693 1885 3810 quastione,

601 3797 682 3886 hac
712 3803 780 3891 via
808 3803 1102 3923 inveniendum
1129 3805 1305 3904 datum,
1347 3807 1449 3893 nihil
1478 3807 1520 3890 in
1561 3807 1636 3894 illo
1666 3799 1883 3926 congrell'u

604 3913 910 4028 praetermissum
937 3915 1037 4013 elle,
1099 3917 1169 4001 uin
1200 3918 1475 4010 inveniretur.
1505 3922 1622 4034 Quid
1650 3941 1788 4006 autem
1813 3919 1886 4001 de-

605 4021 762 4108 tef'tunr
792 4021 858 4122 fit,
887 4028 987 4114 dunt
1004 3943 1237 4147 delingulis
1261 4029 1430 4146 plent'us,
1455 4031 1750 4154 rediligendus
1777 4053 1891 4146 quaa-

604 4161 723 4232 ram‚
752 4133 1002 4228 subneflarn.
1511 4196 1517 4213 ·
1841 4165 1845 4170 ·

674 4251 837 4341 Interea
874 4257 926 4342 ad
962 4275 1155 4376 quartana
1191 4253 1435 4378 divisionem
1468 4257 1620 4374 gradus
1657 4252 1897 4350 saciamina

677 4411 683 4422 ·
1090 4393 1095 4400 ·
1620 4453 1622 4458 ,
1727 4389 1828 4486 quae
