4126 5420
637 281 968 384 SEXTA
1079 305 1086 318 ’
1298 331 1317 388 1

210 411 431 534 lignntur?
466 402 682 524 Numquid
709 407 940 526 ignoratis,
969 408 1088 528 quod
1119 411 1234 534 ego,‘
1257 333 1451 545 qusint.

176 441 261 614 due
285 525 342 610 de
369 519 769 617 vestriscornmodis,
799 523 1038 648 ingeniique
1058 552 1306 614 ornamentis
1335 538 1453 623 oanni

179 635 437 724 solicitudine
465 637 643 748 cogito,
681 627 710 715 st
748 632 980 746 hujusnodr
1010 638 1120 722 inani
1151 665 1351 754 apparatu
1385 676 1453 734 rne

181 749 336 866 aliquid
365 750 416 834 ad
443 748 574 836 vestra
605 740 734 828 studia
763 769 809 830 ut
839 743 995 832 facilius
1034 776 1235 862 generum
1261 777 1455 847 naturam

178 860 229 946 ὅ(
254 858 482 946 discrimina
492 853 787 972 intelligeretis,
801 855 1046 944 collaturum
1062 863 1284 952 arbitrarer
1295 889 1311 965 ·‚·
1337 891 1453 958 trun-

175 999 276 1067 eos,
303 969 459 1065 caules.
489 966 670 1060 radices,
700 968 910 1086 variasque
938 962 1142 1064 foliorurn
1163 977 1360 1090 imagines
1391 1007 1450 1068 at-

176 1077 376 1170 tusiss'etn?
399 1084 498 1166 Hoc
524 1101 663 1166 autem
688 1103 829 1200 neque
854 1076 936 1165 feci
965 1106 1173 1192 unquam,
1201 1111 1339 1198 neque
1363 1091 1448 1182 aliis

176 1193 409 1282 faciendum
434 1189 602 1302 judico,
632 1198 688 1275 At
716 1215 867 1278 contra
892 1191 1021 1278 multa
1041 1187 1198 1282 ssorum
1225 1194 1454 1288 discrimina

175 1332 402 1422 congero„
429 1301 685 1422 diversasque
713 1297 870 1388 frusius
898 1301 947 1388 .&
970 1303 1165 1394 seminum
1192 1305 1377 1424 figuras,
1407 1336 1453 1402 ur

174 1415 387 1542 quidquid
410 1413 467 1500 de
496 1413 638 1532 aliquo
664 1439 819 1527 genere
848 1437 1072 1526 propono,
1100 1417 1236 1504 statim
1258 1424 1451 1539 exemplo

177 1527 440 1622 confirmem.
467 1529 540 1610 His
564 1529 750 1610 ,animum
778 1523 823 1605 in
849 1523 990 1718 primis
1017 1527 1217 1638 adjiciatis
1245 1537 1451 1622 inaximo..
1581 1593 1584 1600 .

181 1653 281 1759 pe're
311 1635 466 1740 velim3
499 1638 677 1752 primum
706 1631 825 1829 guod
885 1659 1010 1716 orum
1038 1636 1267 1754 imagines,
1296 1643 1449 1764 siquis,

176 1757 277 1842 dum
304 1776 417 1834 mens
446 1747 502 1834 ob
527 1767 687 1831 aetatem
743 1739 893 1828 ocdior
921 1738 1041 1844 finit,
1069 1747 1209 1837 sedulo
1233 1760 1451 1844 memoriae

179 1863 467 1958 mandaverit,
493 1856 606 1945 nulla
633 1883 771 1974 neque
801 1879 991 1980 extremo
1016 1858 1162 1962 senio,
1190 1893 1279 1984 quo
1309 1871 1452 1954 omnia

180 1971 475 2068 collabascunt,
500 1967 747 2060 delebuntur
776 1963 989 2056 oblivione
1007 1981 1033 2073 3'
1053 1976 1221 2072 deinde,
1282 1981 1451 2070 uoniam

177 2089 241 2172 his
271 2081 496 2205 negsestis,
514 2104 722 2197 quantum
750 2079 792 2161 in
820 2075 980 2195 fingulis
992 2081 1179 2200 stirpibus
1204 2005 1451 2204 edatepro-

183 2196 313 2282 fenus
340 2190 539 2292 fecerins,
568 2215 727 2280 tanturn
738 2192 923 2306 hyemale
954 2198 1341 2311 ternpusdetrahet5
1371 2215 1450 2286 no'-

180 2307 331 2400 vissime
359 2305 500 2419 quod,
528 2301 554 2388 st
582 2305 671 2391 haec
701 2307 776 2390 rite
807 2309 1033 2424 cognita&
1059 2309 1278 2422 explorata
1293 2311 1449 2402 habuess

177 2419 292 2515 ritis,
322 2439 454 2526 cetera
474 2419 621 2501 omnia
647 2415 764 2503 nullo
793 2422 969 2536 negotio
992 2423 1115 2508 conse
1148 2425 1322 2510 uernini.
1349 2429 1449 2514 Haec

173 2531 271 2620 sane
297 2552 388 2614 non
412 2528 524 2616 carie
548 2549 783 2624 tentantur,
808 2555 899 2614 non
910 2534 984 2620 situ
1013 2451 1208 2657 tineispue
1224 2535 1450 2632 conficiurn

176 2665 270 2740 tur,
301 2639 617 2760 peregrinantur
645 2639 880 2740 nobiscum,
899 2639 1160 2756 'pernosiant
1177 2640 1203 2744 ,⁴
1220 2645 1447 2766 hyemant,

180 2752 495 2842 consenescunt.
522 2758 580 2833 At
607 2749 673 2834 illa
688 2772 860 2865 quantas
872 2758 1085 2853 varietates
1103 2758 1289 2858 subeunt,
1320 2786 1450 2876 quan-

181 2890 223 2951 ta
251 2862 503 2948 discrimina?
551 2859 788 2974 spoliantur
816 2863 961 2949 colore
989 2867 1230 2968 arescend0,
1268 2893 1449 2958 mutatur

180 2977 346 3064 habitus
368 3033 378 3068 ,
406 2967 539 3056 sonna
565 2969 850 3069 contabescit,
889 2966 969 3062 flos
999 3007 1168 3066 mucore
1196 2982 1446 3078 conficitur,

179 3085 333 3175 studius
363 3083 657 3180 contrahitur,
696 3084 912 3195 putrescit.
958 3093 1070 3178 Turn
1097 3094 1277 3205 subrepit
1317 3099 1446 3195 Mus,

182 3199 430 3287 conveniunt
457 3194 509 3278 ad
538 3192 785 3306 deponenda
814 3200 1165 3312 ovaPapiliones,
1193 3203 1449 3320 depopulan-

182 3335 249 3398 tur
266 3312 438 3400 'Tineae,
467 3303 600 3391 Austri
630 3332 926 3419 corrumpunt.
958 3319 1234 3425 Quaeomnia,
1264 3313 1332 3399 etsr
1360 3308 1449 3396 dili.

179 3422 402 3540 gentissnne
428 3439 682 3516 arceantur,
720 3417 803 3531 ipsa
830 3440 968 3504 tamen
996 3424 1193 3512 vetustate
1222 3423 1448 3511 conficiun-

180 3561 276 3624 tur.
305 3529 420 3638 Quid
448 3556 550 3618 vero
580 3558 675 3617 curn
703 3558 796 3645 quae
825 3526 1014 3616 sunillima
1041 3532 1160 3629 sunt,
1190 3531 1448 3620 confundun-

181 3671 280 3742 tur,
311 3671 407 3728 curn
434 3639 524 3728 casu
549 3641 703 3728 notulae
730 3642 965 3739 decidunt,
1004 3672 1093 3761 quo
1119 3645 1236 3762 figno
1263 3651 1449 3732 interno.

183 3759 354 3848 veritis?
380 3753 446 3838 Ad
470 3755 732 3850 tuernoriarn,
754 3753 892 3851 credo,
902 3753 1170 3872 confugietis,
1201 3759 1267 3846 cui
1297 3780 1447 3842 torno.

181 3867 358 3960 minibus
386 3863 546 3951 obrntae
573 3869 628 3949 ita
655 3870 794 3955 omnia
805 3865 950 3956 leviter
976 3868 1155 3965 herent,
1185 3892 1231 3957 ut
1261 3896 1443 3986 quacun,

182 4011 267 4104 que
296 3971 349 4066 d'e
370 3976 485 4064 causa
510 3977 692 4066 inunum
718 4003 858 4077 ruant,
881 3979 1225 4101 anisceanturque.
1259 3981 1444 4068 Sedhaec

183 4095 323 4180 omnia
347 4111 642 4189 removeantur
649 4127 665 4188 ;
692 4119 786 4205 quae
811 4117 984 4204 perraro
1010 4113 1085 4178 aut
1111 4119 1323 4207 nunquam
1344 4119 1447 4177 con-

181 4211 369 4323 tingunt,
398 4201 485 4288 fieri
516 4204 704 4290 exanimi
730 4203 926 4288 sententia
936 4204 1157 4322 fingamus
1185 4204 1334 4291 Divina
1345 4228 1445 4318 qua-

180 4321 275 4412 dnn
284 4316 654 4432 memoriapruditi
682 4313 833 4402 estote:
862 4313 1045 4405 haereant
1056 4317 1100 4402 in
1126 4315 1267 4403 animo
1279 4315 1415 4402 omnia
1421 4345 1441 4424 5

1343 4422 1389 4516 δι
