4168 5418
641 317 697 397 n
866 261 1585 374 anruoeoorAE

568 405 681 493 floris
711 422 872 518 partem
910 396 1178 492 intervallum
1206 395 1462 486 intercedere
1490 395 1645 484 necell'e
1671 395 1768 498 est,
1806 423 1853 489 ut

428 585 431 592 .
571 516 766 634 pistillum
804 545 829 601 a
871 511 933 602 cal
963 541 1011 602 ce
1051 512 1215 632 surgens
1254 509 1308 596 ad
1348 504 1643 626 perforandam
1671 511 1852 604 infimam

576 631 689 716 floris
720 650 879 742 partem
906 541 1096 714 aicendat
1129 688 1141 724 ,
1170 624 1217 711 &
1245 645 1468 739 propterea
1497 623 1688 746 calycem
1718 625 1768 714 ab
1797 629 1857 711 in-

571 739 670 831 fima
697 743 812 828 floris
840 765 957 857 parte
985 738 1181 856 separati.
1209 740 1299 822 Nos
1330 736 1383 820 ita
1419 765 1483 832 ue,
1511 759 1558 823 ut
1586 739 1636 830 ab
1665 740 1727 826 his
1755 739 1856 826 diffi.

572 855 789 946 cultatibus
820 855 1013 942 Auctoris
1044 849 1291 942 methodum
1318 763 1602 949 vindicemus,
1640 852 1858 970 vulgarem

573 968 752 1056 illam&
771 965 909 1054 tritam
931 967 1081 1088 calycis
1101 961 1424 1081 appellationem
1443 963 1751 1054 revocabimus.
1772 967 1856 1051 Sed

573 1084 688 1197 prius
718 1107 813 1199 quae
839 1107 934 1195 pars
962 1083 1003 1164 in
1032 1077 1177 1198 planta
1205 1076 1325 1165 abeat
1353 1078 1399 1160 in
1426 1069 1638 1177 frudtum,
1670 1105 1768 1166 num
1797 1077 1860 1193 pi-¹

574 1191 724 1282 stillum
751 1219 803 1278 an
833 1191 953 1312 calyx
980 1192 1059 1292 fit,
1089 1187 1384 1304 explicandum
1413 1189 1505 1294 est3
1536 1190 1623 1277 hoe
1655 1193 1766 1278 enim
1787 1219 1862 1280 ert-⁸

576 1305 786 1424 planato,
813 1300 1022 1395 manifesta
1050 1305 1240 1395 omnibus
1272 1303 1352 1391 erit
1379 1299 1532 1422 calycis
1559 1325 1737 1392 natura.

991 1581 1300 1678 CAPUT
1356 1587 1441 1672 Vl.

635 1832 771 1947 Quod
818 1831 1030 1923 decretum
1069 1832 1168 1923 illud
1197 1862 1209 1920 :
1253 1842 1325 1922 vel
1345 1840 1529 1955 pistillum
1556 1837 1637 1920 abit
1663 1837 1809 1952 infru·

689 1957 789 2034 llum
814 1954 885 2060 pel
911 1955 1045 2062 calyx,
1068 1953 1350 2064 antiqusffimum
1361 1954 1436 2066 fit,
1465 1949 1664 2070 &planius
1683 1981 1750 2034 ex·

961 2067 1133 2177 plicetur
1157 2071 1201 2146 in
1218 2058 1486 2180 Theophrasto.

581 2073 591 2086 U

636 2309 745 2393 Nter
771 2331 820 2390 ea
849 2332 944 2418 quae
970 2303 1147 2497 plurima
1175 2303 1226 2389 ad
1256 2304 1602 2395 Tournefortium
1631 2309 1863 2396 Audtorem

667 2413 927 2509 referuntur,
954 2414 1054 2500 ilud
1075 2417 1166 2499 sane
1187 2417 1326 2500 eximii
1351 2419 1438 2504 usus
1460 2417 1537 2502 ell'e
1557 2417 1714 2514 fateor,
1743 2418 1862 2534 quod

580 2533 740 2650 plantas
770 2551 913 2612 omnes
943 2521 1131 2611 bifariam
1155 2524 1401 2642 digellerit‚
1444 2551 1572 2642 prout
1613 2530 1698 2617 aliae
1724 2531 1777 2614 de
1804 2529 1866 2614 su*

583 2643 753 2760 periore
793 2639 841 2724 δι
868 2636 1063 2723 interiore
1090 2638 1203 2722 floris
1235 2662 1354 2755 parte
1387 2633 1569 2728 frustum
1595 2645 1818 2776 gignerent
1856 2699 1868 2737 ,

581 2754 670 2844 aliae
698 2750 752 2839 de
780 2744 1046 2851 inferiore&
1073 2755 1317 2850 exteriore,
1346 2747 1428 2843 sive
1455 2773 1502 2838 ut
1530 2782 1664 2873 aptius
1692 2753 1826 2841 dicam
1851 2799 1864 2852 ‚·

582 2897 679 2992 quae
707 2861 772 2955 vel
800 2865 948 2950 florem
977 2861 1193 2982 embryoni
1215 2864 1453 2951 infidentem
1473 2861 1662 2968 ferrent,
1689 2863 1759 2954 vel
1781 2893 1865 2951 ema

583 2980 738 3098 bryoni
778 2977 872 3060 flori
902 3041 912 3058 .
951 2979 1047 3060 Hoc
1075 2979 1186 3061 enim
1213 2976 1291 3066 sive
1320 2977 1372 3063 ad
1402 2974 1536 3066 clall'es
1566 2985 1610 3067 in
1639 3002 1776 3098 partes
1805 2978 1866 3062 dia

584 3087 870 3182 stribu'endas‚
897 3081 978 3172 sive
1010 3086 1063 3168 ad
1088 3112 1242 3200 genera
1267 3087 1605 3190 determinanda,
1634 3113 1705 3179 aut
1729 3085 1873 3182 distin·¹

585 3198 752 3324 guenda
772 3191 946 3309 plurima
969 3195 1191 3283 commoda
1213 3197 1518 3314 utilitatemque
1542 3199 1683 3288 afferre
1704 3229 1757 3286 co
1791 3225 1867 3284 no-

584 3319 661 3404 vi.
690 3313 869 3403 Verum,
897 3304 998 3396 sicut
1022 3310 1274 3395 recentiores
1296 3312 1478 3426 propriis
1501 3313 1686 3403 laudibus
1706 3225 1869 3401 deitati*

583 3428 683 3514 dare
714 3445 986 3540 nequaquam
1011 3417 1183 3509 solemus
1212 3421 1271 3510 ob
1290 3451 1357 3521 ea,
1387 3450 1481 3542 quae
1501 3426 1571 3542 ipsi
1596 3426 1869 3526 invenerunt,

584 3539 655 3630 vel
692 3567 716 3622 a
754 3535 979 3650 majoribus
1028 3533 1178 3620 tradita
1215 3535 1328 3622 redte
1357 3537 1535 3650 amplexi
1563 3536 1693 3627 sunt:
1735 3543 1790 3626 ita
1819 3567 1868 3624 ea

581 3679 677 3770 quae
705 3651 749 3731 in
776 3649 860 3734 anti
897 3675 1050 3737 uorum
1076 3651 1353 3738 monumentis
1383 3647 1663 3764 postulunt,
1693 3651 1744 3736 ad
1772 3649 1864 3737 suos

587 3762 778 3847 auctores
816 3787 837 3842 r
882 3761 1031 3846 erenda
1059 3756 1136 3847 eil'e
1163 3763 1393 3878 judicamus
1425 3831 1434 3848 .
1472 3775 1746 3879 Quapropter
1773 3789 1868 3850 cum

588 3870 700 3988 apud
727 3868 1031 3960 vetustiffimum
1059 3873 1275 3964 audtorem
1303 3877 1662 3993 Theophrastum,
1693 3880 1765 3997 qui
1786 3904 1869 3962 ma-

586 4011 673 4186 pna
700 3983 859 4184 infienii
886 3987 929 4074 vi
958 4014 1007 4070 ac
1035 3984 1243 4074 sedulitate
1273 3991 1421 4076 eximia
1449 3994 1500 4080 de
1528 3993 1591 4076 his
1614 3988 1735 4077 rebus
1759 4017 1870 4109 quaeq

604 4098 717 4195 ivit,
775 4125 853 4183 ane
882 4093 1037 4187 fruetus
1068 4101 1254 4188 nascendi
1281 4099 1588 4192 distindtionem
1615 4127 1872 4194 commemo·

588 4235 721 4302 ratam
757 4211 1006 4310 inveniam,
1035 4209 1108 4416 ipsi
1137 4215 1306 4302 reddere
1336 4244 1600 4336 nequaquam
1626 4214 1884 4418 pravabor'.

593 4327 749 4438 Extant
775 4327 917 4449 itaque
945 4325 989 4410 in
1018 4321 1045 4414 li

1658 4331 1737 4418 itur
1756 4323 1880 4438 βιβλς·

1075 4354 1126 4414 ro
1156 4330 1229 4447 qui
1252 4325 1335 4430 ak}
1353 4329 1480 4436 φυτῶν
1510 4329 1624 4419 inseri
1768 4435 1818 4525 A!
