4168 5418
170 489 290 596 dum
327 484 536 601 scilicet,
568 483 787 604 stocunr',
824 489 1075 608 calidum,
1124 490 1445 624 &frigidum

169 617 497 735 collocassent,
513 615 582 718 de
594 619 653 718 iis
676 618 969 724 subtilissime
981 619 1310 756 disputabant,
1342 667 1442 726 num

167 755 343 861 calidum
363 796 391 853 a
412 791 477 848 ens
498 755 539 850 in
548 751 754 880 ftiggt'dm
776 759 1027 888 denigraret,
1047 793 1284 890 agensrvero
1308 765 1356 856 tia·
1392 801 1444 857 tt«
1486 766 1493 780 Χ

168 889 258 982 urm
281 789 517 986 drusiam:
546 911 715 986 contra
727 887 934 1019 frigidum
958 924 1072 1020 agens
1092 895 1130 985 in
1141 886 1358 1004 humidum
1373 895 1444 990 de*

167 1017 349 1136 albaret,
380 1023 420 1116 in
431 1021 580 1144 starum
602 1056 713 1116 vert
747 1022 974 1150 denigraret
1004 1019 1332 1152 inquirentes·
1367 1023 1446 1122 In·

168 1177 297 1268 terea
336 1144 473 1382 Puod
507 1149 747 1278 perutile,
782 1156 831 1250 bt
868 1155 1184 1256 necessarium
1218 1184 1320 1256 erat
1343 1226 1358 1269 ,
1383 1163 1448 1256 br

169 1282 305 1414 quod
362 1279 527 1381 acilius
565 1278 794 1410 consequi
829 1309 1088 1411 poterant,
1123 1282 1449 1415 negligebantt

167 1413 328 1528 Non,
365 1407 516 1512 inciso
541 1409 812 1530 cadavere,
845 1412 1125 1544 diligentius
1148 1445 1307 1546 partes
1347 1445 1449 1547 per-

172 1539 535 1657 scrutabantur,
568 1573 667 1671 qua
687 1541 800 1662 via,
835 1546 1084 1680 &quibus
1105 1547 1336 1679 potentiis
1349 1545 1450 1646 san·

170 1673 279 1803 guis
301 1673 628 1802 impelleretur
643 1722 671 1790 ·,
703 1705 813 1805 quae
837 1706 995 1808 partes
1020 1673 1245 1779 foeminis
1268 1678 1323 1777 in
1350 1707 1449 1780 ute-

167 1836 254 1920 to,
287 1833 395 1934 quae
410 1803 471 1906 ad
482 1805 850 1934 generationem
862 1839 986 1944 aptae
1011 1809 1217 1927 invim,
1251 1809 1450 1914 &deni-

83 2047 85 2052 ,
167 1965 265 2066 que
289 1935 467 2067 quibus
493 1937 717 2040 remediis
731 1935 842 2041 esset
853 1942 1041 2046 morbis
1059 1941 1445 2057 occurrendum,

169 2099 273 2172 non
301 2065 614 2173 attendebant
636 2066 793 2172 solum
804 2114 820 2188 ,·
853 2068 1095 2176 sedetiam
1120 2105 1246 2176 num
1270 2076 1379 2172 dolor
1391 2075 1453 2199 est

158 2205 227 2334 fir
250 2200 352 2301 allio
376 2201 496 2328 lafit3
526 2229 653 2300 num
677 2241 791 2326 amm
810 2233 943 2334 corpus
954 2206 1187 2336 fimpsiciter
1219 2224 1361 2334 agrum
1393 2207 1454 2328 est

158 2335 229 2462 fit
240 2334 395 2458 stanam
417 2361 463 2428 ut
486 2373 587 2430 nnnc
621 2362 736 2434 cura
760 2331 1034 2435 admodum
1057 2333 1247 2436 minuta
1291 2332 1453 2465 inqui-

169 2459 325 2566 rendo
350 2460 490 2565 vanis
514 2457 944 2597 ¹disceptationibus
975 2464 1103 2580 inter
1138 2463 1181 2568 se
1209 2465 1453 2568 confliela

168 2595 345 2698 bantur
363 2639 380 2695 .·
416 2592 571 2722 Quod
608 2593 668 2702 de
700 2593 900 2697 Medica
930 2626 1031 2699 arte
1055 2596 1273 2714 dicintr,
1305 2595 1360 2697 id
1392 2597 1452 2700 de

172 2723 406 2830 Botaniea
428 2725 529 2830 dici
555 2725 706 2854 potest
730 2802 745 2828 .
782 2727 977 2828 Etenim
1000 2728 1328 2861 saepenumero
1354 2728 1453 2856 agi·

166 2885 334 2960 tatum
350 2856 462 2974 est,
484 2888 588 2988 quo
602 2856 857 2988 principio
881 2860 1055 2989 plantat
1067 2860 1319 2975 viverent,
1351 2891 1454 2988 quo

171 2987 544 3119 germinarent,
577 3019 681 3119 quo
715 2988 1014 3120 propagatio.
1035 2987 1215 3116 fieret,
1250 2997 1300 3092 ὃ(
1331 3019 1456 3122 quo-

173 3119 311 3226 niam
332 3117 454 3222 alias
479 3117 655 3222 florem
679 3119 828 3220 edere,
842 3120 1098 3239 videbant,
1133 3120 1249 3222 alias
1275 3150 1455 3250 nequa·

172 3281 367 3380 quam,
387 3248 573 3354 semina
596 3249 775 3354 multas
796 3245 943 3370 serre,
979 3256 1238 3356 nonnullas
1256 3280 1455 3364 tantum

70 3496 73 3504 y
174 3383 350 3499 flores,
380 3384 550 3489 eadem
563 3384 755 3488 ratione
765 3384 870 3486 fieri
883 3387 1246 3516 generationem
1256 3382 1308 3485 in
1321 3382 1454 3510 plan-⁶

174 3513 264 3632 tis,
288 3544 354 3616 ac
381 3514 779 3632 inanimalibus,
816 3517 1105 3618 statuerunt.
1139 3512 1274 3620 Hinc
1292 3509 1455 3642 stirpes

174 3648 257 3754 vel
284 3675 464 3764 mares,
492 3652 575 3752 vel
589 3644 810 3753 foeminae
832 3647 997 3750 dilbe.
1035 3645 1171 3780 Quas
1195 3641 1456 3777 opiniones
1507 3773 1508 3776 Ν

177 3777 339 3882 adhuc
359 3778 494 3882 inter
508 3778 820 3914 Philosophos
845 3778 1039 3882 retineri
1059 3777 1324 3880 miramur.
1362 3770 1456 3875 Sed

177 3909 299 4045 quid
326 3911 439 4014 dico
465 3901 695 4014 retineri?
727 3911 803 4014 Ita
825 3905 1087 4013 defendunt
1105 3903 1362 4026 &fovent,
1399 3934 1454 4009 ut
1608 3993 1613 4004 .

1 4091 10 4119 ·
177 4041 458 4148 nihil'aliud
482 4043 619 4177 super
642 4043 732 4145 hac
743 4041 1002 4174 quastione
1014 4073 1114 4143 non
1130 4040 1286 4143 solum
1308 4041 1456 4143 ratio-

178 4177 246 4279 ni·
259 4175 417 4307 magis
439 4175 842 4292 consentaneum,
874 4163 1109 4274 sedetiam
1123 4172 1285 4274 verius
1300 4181 1456 4276 &cen
1576 4199 1578 4203 ·
1664 4213 1667 4220 ·

105 4397 122 4424 ,
179 4305 699 4437 ritufhumanamente
713 4303 885 4436 attingi
910 4301 1040 4440 posse
1065 4333 1165 4403 non
1191 4299 1389 4449 obscure
1400 4301 1455 4420 st-

635 4463 637 4468 ’
1284 4463 1391 4564 gm-
