4144 5412
465 276 753 396 LIBER
806 279 1197 394 PRIMUS.
1344 317 1399 390 9!

201 477 204 486 Δ
299 400 349 502 δί
376 392 576 488 Toumef.
602 399 683 512 last.
701 402 753 489 R.
779 397 893 480 Herb.
904 424 996 508 393.
1025 401 1162 484 orabas
1183 415 1341 488 Venetas
1364 404 1471 496 Clul

305 514 626 622 Hrst.ccxxx11.

195 695 201 704 .
245 627 327 713 Hic
351 648 528 738 quoque
556 621 599 702 in
618 618 735 733 spicis
755 621 899 714 floret,
928 621 1065 734 parvis
1096 620 1265 711 floribus
1286 647 1470 724 ornatus)

188 737 378 824 deorsum
407 729 679 847 pendentibus
710 728 955 848 rubrisque.
986 735 1148 818 Horum
1175 734 1370 824 vexillum
1401 766 1470 823 ex-

191 847 361 1046 pansum
388 871 439 930 ne
460 840 616 959 aliquid
636 843 818 926 humoris
842 843 893 928 ad
917 845 1096 928 carinam
1118 844 1350 945 descendat,
1405 876 1473 932 ro·

225 960 343 1046 ibet.
381 954 452 1042 Ob
480 951 650 1040 eandem
678 951 838 1038 causam
867 950 988 1068 calyx
1016 955 1314 1074 monophyllus
1383 985 1471 1046 atus

191 1069 277 1166 est,
304 1097 357 1161 ne
387 1065 528 1179 pluuia
556 1088 633 1175 per
661 1065 773 1148 noris
802 1065 1006 1176 petiolum
1033 1063 1337 1178 delapsa,incer
1366 1069 1474 1188 caly-

190 1182 252 1268 cis
278 1176 453 1270 scilluras
480 1176 534 1264 ad
563 1171 747 1260 frustum
773 1199 1025 1288 pennearet‚
1047 1175 1262 1287 prasertim
1283 1207 1379 1266 cum
1400 1186 1476 1264 fio·-

192 1318 257 1382 res
281 1285 531 1378 naturaliter
560 1287 787 1399 pendeant.
807 1285 895 1374 Alae
913 1311 1050 1375 autem
1071 1289 1309 1374 carinamac
1338 1293 1474 1406 apices

192 1401 328 1492 htteos
354 1398 603 1486 membranae
627 1395 828 1482 staminea
848 1401 889 1482 in
912 1398 1170 1484 extremitate
1192 1427 1377 1486 annexos
1400 1401 1476 1488 oba

194 1534 365 1627 tegunt,
395 1509 443 1594 δε
469 1503 693 1598 defendunt
717 1573 729 1590 .
757 1511 930 1607 Carina,
957 1532 1007 1596 ut
1034 1510 1078 1592 in
1106 1512 1300 1625 Astragalo
1321 1513 1474 1598 indica·

196 1644 288 1711 turn
315 1619 635 1715 est,.dividitur,·
663 1614 839 1702 fitniliter
865 1621 915 1706 dc
941 1618 1179 1706 membrana
1200 1622 1474 1744 ernbryonern

194 1730 408 1820 involvens
431 1795 445 1816 ,
472 1730 550 1812 Hic
579 1753 714 1842 porro
741 1731 841 1818 tuba
866 1731 1088 1820 instrubtus
1109 1730 1170 1813 xin
1199 1755 1373 1820 teretem
1398 1733 1475 1820 stli-

193 1869 321 1960 quam
348 1867 424 1955 per
450 1841 732 1930 maturitatem
766 1841 885 1941 abit,
921 1837 1245 1956 unicapsularem
1281 1845 1474 1960 sphaeroi·

193 1961 275 2046 dea
300 1953 453 2042 semina
479 1951 793 2040 continentem.

203 2125 211 2144 .
251 2075 388 2154 Ananis
410 2065 529 2180 spinis
555 2063 862 2175 carens,viscosa
876 2069 1013 2158 ,luten
1028 2075 1149 2180 major
1159 2065 1205 2148 C.
1219 2073 1261 2152 B.
1275 2077 1362 2152 Pin.
1383 2067 1476 2179 389,

206 2239 210 2252 ·
303 2178 350 2264 ἃ
378 2163 580 2261 Tournef.
621 2175 699 2282 Insl.
727 2177 776 2261 R.
803 2173 919 2260 Herb,
939 2201 1034 2282 409.
1072 2185 1208 2262 monis
1231 2179 1313 2290 fine
1331 2180 1478 2294 spinis,

304 2294 408 2376 lutea
436 2286 616 2374 Tabern.
644 2300 734 2367 Iton.
760 2311 842 2396 529
1132 2311 1135 2318 ’
1471 2363 1473 2368 .

193 2428 251 2490 ex
278 2399 417 2514 calyce
444 2393 753 2522 monophyllo,
783 2391 1124 2506 campanifonni,
1163 2399 1208 2482 in
1236 2427 1312 2485 ora
1337 2397 1477 2486 multia

191 2512 305 2610 fido,
329 2506 517 2626 villisque
545 2504 791 2594 extrinsecus
833 2501 980 2594 vestito
1017 2505 1201 2620 explicat
1226 2513 1355 2596 flores
1397 2536 1478 2623 po-

193 2620 418 2750 lypetalos,
441 2617 774 2734 papilionaceos,
798 2615 1036 2734 luteosque.
1064 2626 1260 2722 Quatuor
1285 2619 1478 2707 constant

193 2733 365 2850 petalis,
391 2731 549 2820 vexillo
577 2727 729 2813 scilicet
745 2725 989 2838 ampliore,
1018 2728 1065 2812 δι
1092 2729 1239 2818 sursum
1267 2731 1474 2844 expansu,

193 2846 267 2932 alis
294 2843 449 2932 duabus
477 2843 577 2926 hinc
607 2837 655 2926 δε
681 2837 780 2922 hinc
801 2833 990 2921 lateribus
1004 2839 1130 2922 affixis
1148 2841 1354 2938 carinam,
1382 2867 1477 2956 quae

197 2975 394 3072 quartum
422 2947 479 3036 est
507 2947 707 3064 petalum,
737 2944 1061 3062 amplexantibus
1086 3011 1098 3032 .
1125 2953 1223 3036 Haec
1252 2976 1383 3065 porro
1412 2957 1479 3036 ca·

200 3071 291 3168 rina
320 3067 362 3149 in
390 3061 646 3148 extremitate
685 3057 806 3146 bifida
848 3085 942 3144 cum
980 3055 1248 3170 receptaculo
1281 3065 1336 3148 ita
1365 3089 1478 3148 corn-
1539 3107 1540 3112 κ

197 3179 400 3273 mittitur,
430 3195 475 3260 ut
501 3175 620 3260 rimas
649 3167 945 3258 duasalteram
970 3169 1013 3252 in
1041 3167 1477 3289 superiore'partealss·

202 3315 334 3381 teram
362 3289 405 3372 in
432 3280 627 3374 inferiore
656 3280 863 3396 relinquat
892 3280 943 3364 ad
970 3303 1193 3380 exortum,
1233 3285 1378 3369 catera
1418 3288 1479 3366 in-

167 3455 169 3460 ·
203 3427 321 3518 tegra
349 3399 405 3486 est
435 3397 559 3511 usque
589 3395 639 3482 ad
667 3395 861 3507 apicem,
889 3389 1037 3502 relicto
1069 3394 1113 3472 in
1144 3423 1192 3477 ea
1221 3419 1339 3506 parte
1368 3387 1476 3477 fora

202 3519 347 3609 mine,
373 3511 417 3594 in
445 3536 537 3623 quo
564 3507 670 3594 tubae
701 3502 881 3592 oscultun
907 3501 1027 3586 hiat.
1064 3503 1241 3588 Stamina
1270 3525 1407 3589 autem
1435 3507 1481 3586 in

203 3626 406 3746 vaginam
446 3645 638 3708 connexa
676 3613 946 3734 embryonem
983 3610 1281 3726 amplectuntur
1320 3613 1479 3700 tubam*
1541 3680 1543 3686 .

205 3768 326 3856 que,
363 3734 444 3849 ipsa
473 3735 516 3818 in
543 3731 678 3818 carina
708 3749 936 3822 contenta,
968 3723 1223 3832 cutsunanae
1260 3724 1359 3813 lutei
1388 3725 1483 3839 api-2

204 3880 272 3940 ces
302 3848 531 3936 adbaerenr,
559 3841 738 3942 Embrvo
766 3867 871 3930 vero
899 3836 1001 3925 villis
1029 3839 1240 3936 munitur,
1280 3865 1333 3925 ne
1363 3839 1480 3954 vagi,

205 3991 302 4060 na,
330 3961 431 4050 dum
459 3953 629 4046 tenellus
669 3949 725 4038 e'st
752 3947 1094 4040 &molliusculus
1124 4013 1136 4047 ,
1162 3960 1442 4082 conjungatur
1466 3983 1483 4034 .-

207 4073 363 4174 Crescit
389 4073 457 4160 bic
486 4070 533 4154 in
559 4063 741 4183 siliquam
767 4061 1311 4178 teretem,-unicapsularem,
1328 4091 1370 4147 tn
1392 4088 1484 4180 qua

206 4189 351 4274 teretia
379 4183 524 4272 semina
552 4183 827 4266 maturitatem
852 4172 1022 4261 habent.
1476 4202 1481 4212 ·

212 4377 227 4396 ,
258 4311 361 4392 Vicit
378 4299 537 4450 supina,
563 4299 727 4401 lataffivo
756 4295 968 4391 soliman
983 4289 1137 4400 serrato
1167 4278 1483 4484 Toltprrpeipsrblnsst
