4088 5412
652 297 745 380 274
906 256 1522 375 DIS'SERTATIO

577 381 767 481 serenda,
798 403 853 469 an
875 377 927 466 ad
954 375 1063 467 aliud
1088 403 1218 499 genus
1230 379 1488 495 pertineret,
1513 385 1875 497 temporarium

579 499 692 586 mine
723 493 1147 610 Pseudochryfimtbemi
1173 491 1448 606 nuncupavi,
1490 494 1716 618 quousque
1750 499 1870 600 floris

578 633 715 726 partes
757 611 1059 722 baccarumque
1088 627 1279 694 nanrram
1316 603 1442 719 paulo
1471 608 1658 698 exastius
1689 638 1867 729 perpen.

584 721 687 809 dere
716 716 892 836 possem.
931 716 1156 836 Postquam
1183 746 1289 810 vero
1330 743 1442 802 anno
1472 719 1687 836 superiore
1715 725 1869 833 serior,

578 833 716 922 dedita
744 859 900 947 opera,
930 831 983 917 ad
1011 827 1405 950 Aspesprogress'us,
1433 855 1537 950 quas
1565 833 1754 925 videram
1780 842 1871 932 bac·

579 973 675 1044 cas,
702 971 805 1032 mox
833 941 915 1028 ossa
943 943 1030 1032 fieri
1057 945 1343 1058 deprehendi,
1371 947 1516 1036 nullus
1546 946 1730 1038 dubitavi
1760 961 1867 1076 quin

580 1059 774 1174 protinus
788 1059 837 1144 ad
861 1056 1245 1172 Chryflrntbcmoiden
1266 1059 1733 1179 ‘Pseudochrysanthemum
1771 1095 1867 1180 per.

583 1174 716 1294 tinere
746 1169 1098 1285 pronunciarem.
1134 1175 1260 1260 Nunc
1289 1195 1428 1262 aurern
1466 1174 1628 1304 generis
1664 1197 1857 1274 naturam

579 1311 668 1370 acci
701 1303 780 1370 rte.
1379 1362 1384 1370 .

637 1307 1009 1510 ciryfinsbemoides
1030 1396 1080 1508 est
1099 1398 1236 1482 Planta
1257 1430 1401 1512 genus,
1430 1403 1530 1515 quod
1538 1397 1859 1514 semiflofculos&

571 1509 752 1624 flosculos
766 1516 915 1622 proprie
952 1510 1070 1591 diuos
1092 1513 1309 1596 inradiata
1341 1505 1503 1636 capitula
1522 1517 1682 1626 digestor
1699 1525 1861 1630 gignit,

570 1621 743 1736 squamis
766 1623 896 1730 calycis
916 1619 1113 1730 equalibus
1126 1621 1303 1735 stcffustos
1327 1659 1342 1722 ,·
1383 1657 1538 1740 quorum
1555 1625 1770 1738 embryones
1797 1630 1861 1715 ab.

581 1758 672 1818 eunt
691 1731 919 1850 infrussum
944 1789 957 1826 ,
976 1755 1050 1850 per
1076 1745 1341 1822 maturitatem
1348 1739 1516 1852 fiscum,
1543 1732 1708 1854 offeram,
1735 1749 1866 1828 nucleo

602 1868 737 1930 cetum.

576 1847 610 1958 f
635 1958 790 2039 Extant
815 1954 859 2037 in
900 1954 998 2044 aurs
1027 1959 1169 2076 Regiae
1197 1957 1452 2056 scientiarum
1479 1961 1708 2063 Academiae
1750 1965 1859 2050 Pari·

580 2059 708 2190 siensrs
759 2065 849 2152 duae
889 2067 1257 2187 chrysanthemoidis
1282 2075 1470 2190 species,
1499 2075 1677 2202 quarum
1704 2101 1784 2162 una
1812 2076 1859 2164 fi.

579 2200 717 2265 nitur:
748 2178 1125 2294 chrysanthemoides
1154 2189 1460 2306 isseospermum‚
1488 2195 1747 2310 Africanam,
1774 2196 1858 2276 odo.

579 2315 726 2388 ratum,
744 2289 956 2492 spinostam,
984 2293 1032 2390 dr
1059 2298 1241 2413 viscoſscm
1262 2305 1373 2388 Hm.
1399 2305 1507 2416 Amst,
1522 2303 1603 2389 hac
1632 2323 1766 2388 autern
1794 2331 1857 2389 ca-

575 2429 653 2530 reo
673 2437 689 2502 ;
708 2431 753 2600 sta
771 2427 857 2489 tera
884 2413 990 2494 vero
1019 2434 1145 2530 quarn
1171 2414 1216 2497 in
1240 2413 1322 2500 hac
1347 2414 1441 2501 sede
1469 2413 1718 2498 collocatam
1747 2415 1861 2502 vide.

578 2539 706 2612 trs,e
865 2595 870 2602 .

486 2653 489 2662 ·
631 2625 1001 2742 Chryfimtbemoides
1020 2629 1240 2747 Africanum
1261 2691 1275 2733 ,
1313 2633 1444 2750 Populi
1463 2629 1552 2717 alba
1563 2633 1683 2746 foliis
1700 2641 1779 2718 Ass.
1800 2635 1855 2723 R.

695 2752 812 2827 Scien.
834 2758 896 2826 Ac.
918 2757 1002 2824 Par.

574 2854 707 2969 Hujus
749 2881 883 2970 porro
911 2849 1043 2942 flores
1081 2845 1673 2980 fruoiusqueeontenrplando
1715 2853 1857 2975 paulu-

574 2962 663 3053 lum
690 2967 977 3056 immoramur.

631 3077 865 3171 Nascuntur
892 3079 945 3168 de
972 3077 1134 3170 summis
1163 3072 1324 3164 rarnulr's
1352 3077 1510 3164 radiata
1540 3073 1752 3189 capitula,
1782 3106 1856 3166 co

574 3187 702 3289 nica,
739 3187 992 3317 squamisque
1028 3187 1115 3280 fere
1143 3186 1366 3310 aequalibus
1405 3187 1572 3275 cinero,
1611 3191 1688 3274 His
1725 3194 1856 3280 flores

518 3397 520 3402 .
575 3305 1016 3419 comprehenduntur,
1087 3327 1240 3391 uorum
1268 3300 1389 3413 primi
1426 3297 1725 3388 semiflosculosr
1763 3301 1861 3392 sunr

573 3414 619 3506 in
646 3443 851 3504 coronam
878 3329 1102 3535 digestni'
1135 3414 1373 3504 “uiatorum
1406 3411 1539 3502 forma
1566 3411 1745 3512 donati,
1772 3417 1859 3502 scis·

573 3522 672 3612 srin
701 3531 982 3627 extremitate,
1011 3560 1062 3617 ac
1091 3557 1146 3615 co
1163 3557 1239 3616 ore
1269 3527 1397 3628 lutei,
1428 3553 1523 3612 curn
1549 3524 1660 3614 lutea
1686 3557 1735 3614 ac
1764 3525 1851 3615 bifi-

572 3639 626 3727 da
651 3637 776 3730 ruba.
805 3643 1028 3730 Interiores
1056 3637 1215 3728 flosculi
1243 3639 1306 3726 his
1318 3641 1563 3758 cinguntur,
1592 3639 1855 3752 monopetalr'

572 3777 780 3872 quoque,
810 3753 861 3842 ud
891 3749 1199 3844 infundibulum
1227 3749 1433 3868 disposui,
1474 3777 1548 3870 per
1579 3776 1697 3840 oram
1722 3749 1854 3853 seffi,

570 3863 694 3964 lutei,
723 3868 873 3986 quibus
904 3873 1010 3956 intus
1040 3867 1248 3954 adhaerens
1278 3869 1462 3966 cernitur
1491 3863 1675 3979 vagina,
1704 3861 1848 3964 lutea,

570 3975 680 4064 inter
708 4005 833 4109 quarn
859 3979 948 4066 hiat
976 3977 1085 4066 tubae
1112 4003 1221 4096 apex
1247 3975 1378 4068 luteus
1409 4004 1619 4098 quoque.
1656 3979 1713 4062 Hi
1742 3977 1849 4094 pari·

570 4111 635 4179 ter
672 4090 746 4179 surr
786 4095 1050 4182 innascuntur·
1086 4089 1412 4218 ernbryo'nibus‚
1455 4109 1670 4290 nunpuarn
1695 4102 1846 4178 'tamen

569 4191 925 4300 maturescentibus
948 4244 959 4306 ;
998 4233 1093 4296 narn
1114 4203 1242 4296 flores
1271 4203 1540 4296 semisioscuio
1557 4237 1590 4302 ι,
1619 4200 1693 4320 qui
1722 4203 1846 4316 pruni

568 4317 831 4440 explicantur
859 4321 908 4416 ὃ(
934 4329 1112 4437 majores
1140 4323 1262 4429 sint,
1301 4323 1523 4418 maximam
1548 4319 1727 4516 alimentp'
1752 4340 1853 4429 par-

1728 4453 1796 4518 em

2027 3891 2031 4034 i
