4126 5420
682 271 741 354 80
851 349 855 354 ,
938 245 1559 368 DISSERTATIO

610 401 698 470 tam
725 373 835 466 clara
865 375 913 460 &
939 371 1166 472 manifesta,
1200 369 1424 489 postquam
1452 365 1718 456 constituerit
1744 391 1817 458 tot
1846 373 1898 458 'ou'

609 521 722 578 mnes
753 490 901 583 flores,
931 487 1004 601 qui
1034 485 1161 571 unico
1192 485 1429 570 constarent
1450 477 1613 590 petalo,
1642 479 1688 566 dc
1715 479 1817 580 csse,
1844 485 1897 570 δε

609 605 810 691 dicendos
838 598 1158 710 monopetalos‚
1188 619 1328 682 tamen
1355 591 1452 681 fecit
1483 593 1547 688 id,
1575 621 1664 721 quo
1680 592 1794 714 nihil
1815 623 1899 682 ma-

608 718 671 834 gis
699 742 789 799 non
816 709 948 798 solum
976 740 1000 794 a
1030 711 1228 804 veritate,
1259 705 1327 792 sed
1357 708 1485 792 etiam
1514 704 1566 790 ab
1595 702 1820 803 instituto,
1850 709 1899 794 dt

607 829 795 922 ratione,
826 849 952 941 quam
982 819 1068 904 aliis
1099 814 1386 932 praecepisset,
1414 814 1695 904 abhorreret.
1724 819 1900 906 Accedit

608 939 791 1033 deinde,
837 932 956 1050 quod
984 929 1161 1045 plurima
1192 929 1269 1017 alia
1297 931 1341 1014 in
1368 929 1443 1017 has
1472 926 1607 1015 clall'es
1636 929 1900 1046 irrepserint,

608 1046 677 1136 vel
706 1052 805 1166 quia
833 1047 985 1133 horum
1013 1039 1173 1130 florum
1202 1065 1393 1130 naturam
1422 1068 1511 1129 non
1539 1043 1651 1128 recte
1681 1071 1704 1126 c
1767 1069 1900 1132 nove·

607 1160 688 1255 rit,
719 1157 783 1250 vel
814 1159 912 1273 quia
941 1179 1144 1280 generum
1172 1153 1283 1270 figna
1312 1159 1447 1242 minus
1477 1151 1617 1243 sedulo
1648 1180 1739 1276 quae
1757 1157 1893 1254 iverit,

612 1293 705 1401 quae
734 1269 761 1356 sr
790 1269 839 1356 ab
870 1265 1016 1355 invido
1045 1264 1188 1382 aliquo
1219 1267 1477 1381 deprehensa
1504 1263 1676 1363 luerint,
1707 1269 1807 1354 cais
1831 1295 1894 1351 ar..

609 1385 734 1496 rapiet
762 1382 813 1466 ad
840 1376 907 1464 illa
936 1405 1030 1493 quae
1057 1376 1205 1474 firma,
1234 1377 1463 1464 &stabilia
1492 1380 1618 1474 sunt,
1649 1375 1891 1466 labefactan-

609 1497 688 1580 da.
717 1499 1016 1604 Quapropter,
1046 1509 1091 1575 ut
1119 1515 1203 1604 ego
1227 1491 1551 1580 adversariorum
1579 1487 1800 1608 diligentiae
1820 1509 1892 1578 oci-

511 1655 512 1658 κ
609 1629 837 1699 currerem,
865 1599 910 1686 δέ
938 1597 1019 1685 tela
1046 1600 1097 1685 de
1107 1627 1229 1690 manu
1256 1605 1479 1698 erberem,
1506 1621 1731 1716 antequam
1757 1602 1889 1692 vibra-

609 1739 787 1814 rentur,
824 1706 1021 1832 fimulque
1049 1712 1197 1798 Virum
1224 1629 1534 1800 celeberrimum
1574 1711 1627 1799 ab
1655 1714 1885 1828 reprehen-

608 1829 721 1914 sione
750 1851 796 1917 ut
824 1821 966 1938 aliquo
996 1823 1123 1938 patto
1145 1825 1417 1924 vindicarem,
1445 1822 1492 1910 bt
1508 1826 1696 1911 Botanici
1719 1825 1767 1910 bt
1789 1827 1892 1911 Phi.

608 1938 775 2030 losorhi
798 1934 993 2049 fungerer
1014 1961 1207 2037 munere,
1233 1938 1286 2025 de
1305 1939 1367 2024 bis
1392 1935 1592 2031 libellum,
1620 1965 1733 2056 quo,
1761 1938 1890 2050 quid.

610 1966 717 2172 quid
723 2082 764 2136 ·a
794 2041 1100 2134 Tournefortio
1129 2048 1197 2136 vel
1225 2071 1317 2134 non
1343 2053 1420 2136 rite
1447 2049 1661 2144 traditum,
1689 2047 1758 2136 vel
1787 2072 1890 2160 prae.

610 2159 828 2252 termiss'um
855 2187 1142 2278 cognoveram
1165 2222 1176 2255 ,
1187 2188 1286 2355 spro
1314 2160 1422 2252 virili
1451 2158 1788 2274 compltdlebar‚
1819 2187 1888 2244 an,
2044 2159 2045 2228 ἓ

608 2299 651 2366 te
679 2276 757 2362 hos
787 2271 892 2362 duos
921 2277 1073 2358 menses
1103 2299 1185 2360 con

1202 2273 1436 2386 cripseram·
1468 2280 1582 2359 Dum
1608 2298 1712 2360 vero
1740 2271 1795 2356 illi
1826 2271 1887 2361 ul-
2044 2277 2045 2356 ζ

607 2390 754 2476 umam
779 2409 954 2487 manum⁴
975 2387 1175 2497 impono,
1205 2388 1600 2476 auousrusrur
1626 2386 1883 2470 senatur
2044 2361 2045 2432 l

607 2500 776 2584 decreta
806 2495 953 2581 adme
981 2496 1257 2593 deseruntur,
1293 2498 1446 2613 quibus
1475 2498 1562 2586 hoc
1590 2498 1634 2580 in
1664 2494 1773 2605 ¹loco
1802 2499 1885 2580 Βο-

607 2609 773 2702 tanicen
801 2607 1026 2722 profitendi
1054 2633 1200 2696 munus
1231 2608 1545 2722 mibiinjunxit
1569 2675 1577 2690 .
1605 2603 1819 2720 Postposui
1851 2607 1885 2690 i.

605 2747 734 2841 taque
765 2748 856 2806 mea
884 2719 1013 2808 studia
1055 2718 1366 2808 AMPLISSIMI
1394 2723 1623 2810 ORDINIS
1661 2722 1882 2822 mandatis,

602 2837 652 2924 dt
679 2863 723 2918 re
751 2832 863 2948 ipsa,
906 2833 1026 2950 quod
1055 2829 1190 2921 verbis
1219 2834 1521 2951 nequiveram,
1563 2853 1609 2918 ut
1649 2835 1883 2928 Tantorum

601 2947 809 3048 ¹Virorum
837 2945 879 3025 in
908 2975 974 3030 me
1004 2945 1165 3031 meritis
1187 2965 1327 3057 gratus
1357 2943 1498 3036 saltem
1527 2944 1714 3041 viderer,
1744 2949 1878 3060 impu-1

603 3055 723 3144 situm
748 3079 893 3140 munus
922 3081 1003 3167 pro
1027 3081 1118 3140 mea
1141 3053 1249 3140 virili
1270 3059 1546 3146 exercendum
1568 3054 1739 3172 suscepi.
1769 3065 1883 3168 Qua«

601 3195 673 3264 re,
703 3163 866 3283 digestis
896 3167 1050 3252 ceteris
1079 3163 1228 3280 plantis
1257 3195 1311 3250 cx
1334 3167 1643 3267 Tournefortii,
1672 3169 1719 3256 dt
1741 3171 1885 3264 nostra

603 3281 725 3372 etiam
752 3279 964 3376 sententio,
1001 3301 1046 3367 ut
1068 3279 1122 3362 ad
1147 3276 1279 3363 clalles
1303 3274 1423 3364 floris
1445 3279 1672 3378 flosculob,
1701 3280 1888 3372 semiflos

602 3387 751 3489 culosr,
781 3389 984 3478 &radiati
1005 3413 1176 3486 ventum
1198 3389 1276 3489 est,
1306 3414 1527 3510 antequam
1548 3395 1753 3482 Botanicis
1776 3423 1885 3488 meas

600 3505 720 3619 super
748 3501 811 3588 his
834 3499 1017 3592 claffibus'
1039 3506 1220 3591 rationes
1242 3531 1520 3618 exponerem,
1548 3505 1781 3623 hujusmodi
1803 3505 1883 3600 llo·

599 3645 694 3726 rum
720 3641 906 3734 genera,
971 3647 1031 3708 uae
1059 3612 1124 3706 vel
1153 3619 1196 3701 in
1230 3615 1361 3701 horto
1390 3618 1618 3720 colebam,
1671 3618 1736 3710 vel
1764 3643 1811 3710 ut
1833 3627 1881 3712 in

590 3729 801 3842 temporis
830 3649 1021 3844 angulbiis
1049 3727 1151 3816 mihi
1180 3728 1366 3844 undique
1388 3759 1471 3820 con
1501 3763 1616 3822 erere
1644 3733 1880 3848 pomerum,

599 3845 719 3951 juxta
745 3837 927 3932 nostram
955 3843 1198 3932 methodum
1226 3841 1446 3954 disponere
1533 3847 1627 3937 tui.
1659 3851 1757 3934 Hoc
1785 3851 1879 3968 qui-

462 3989 464 3996 ·
599 3949 698 4038 dem
724 3949 917 4051 confilio,
947 3978 993 4042 ut
1021 3957 1163 4051 vobis,
1191 3956 1473 4048 Humanissrrnr'
1495 3961 1739 4056 Auditores,
1768 3985 1881 4078 quos
2044 3961 2045 3976 '

583 4063 728 4161 ‚totius
757 4063 881 4152 animi
911 4067 1136 4187 obsequio,
1166 4069 1367 4188 omnique
1383 4073 1652 4164 observantia·
1678 4068 1793 4162 cultu
1817 4069 1880 4162 ob

599 4175 773 4270 vestram
799 4175 909 4270 hanc
937 4183 982 4265 r'n
1009 4209 1075 4271 mc
1103 4177 1372 4298 singularem,
1418 4185 1468 4274 dt
1494 4181 1780 4276 incredibilem
1804 4185 1884 4277 hu·

597 4289 869 4400 tuarutatem,
907 4291 1069 4394 studia,
1115 4291 1443 4408 benevolentiam
1481 4286 1681 4424 prosequi
1720 4295 1886 4500 degeo,

1753 4518 1770 4523 ,,
1803 4463 1828 4518 a
