4126 5420
206 370 371 461 utilibus
393 381 671 456 exonerentur
696 433 706 454 .
747 363 899 455 Alvum
918 393 1091 490 quoque
1114 369 1357 475 emolliunt,
1387 408 1483 470 cunr

204 483 343 574 labbeo
362 481 512 579 succ0‚
541 483 621 608 qui
636 477 734 567 oleo
765 477 980 590 (effantiale
1005 491 1192 592 vocant)
1222 487 1480 612 resmostsque

239 594 390 682 artibus
411 614 703 708 componitur,
731 583 891 677 refertae
911 589 1007 678 smt.
1034 597 1107 679 His
1128 596 1360 712 principiis,
1389 605 1481 718 qui.

205 620 280 794 bus
301 705 353 790 ad
376 705 538 819 Opium
559 703 784 802 accedunt,
812 700 998 788 somnum
1019 709 1235 793 conciliari
1255 739 1343 799 non
1367 715 1481 804 inve.
1606 743 1609 748 ·

204 814 360 906 ristmile
379 818 574 906 videtur.
611 815 694 902 Diu
715 841 892 934 quoque
911 816 1112 904 creditum
1134 880 1146 915 ,
1176 822 1293 908 utiles
1316 825 1394 912 else
1425 827 1479 914 ad

202 931 499 1025 cohibendam,
527 924 593 1018 vel
604 926 1187 1044 temperandamebrietatem‚
1218 934 1477 1052 oleosrspar.

202 1041 308 1128 tibus
339 1039 535 1156 perexilia
562 1043 665 1125 tncri
697 1037 939 1154 corpuscula
975 1042 1280 1129 revinciendo.
1308 1049 1476 1138 Idcirco

199 1149 330 1352 prisca
351 1180 453 1270 gens
478 1151 661 1241 secundis
684 1151 825 1238 mensis
858 1148 1120 1256 inferebant3
1152 1157 1263 1244 unde
1294 1182 1410 1246 extat
1430 1159 1477 1246 il-

216 1265 271 1354 ud
292 1261 511 1350 Martialis:

310 1382 499 1465 claudere
519 1409 594 1494 que
613 1409 729 1462 cenas
752 1381 909 1460 Latluca
918 1375 1069 1485 solebat
1090 1389 1275 1478 avarum,
1310 1448 1314 1456 .

312 1500 388 1574 Dic
406 1495 504 1576 mihi
522 1522 588 1574 cur
607 1492 743 1600 uestras
760 1485 910 1572 inchoat
935 1489 1007 1569 illa
1028 1491 1162 1612 dapes?

249 1597 355 1687 Usus
377 1629 482 1689 vero
502 1601 679 1714 ipsarum
697 1600 876 1683 maxime
895 1594 1003 1682 utilis
1025 1657 1038 1691 ‚
1067 1621 1111 1680 tn
1132 1597 1367 1688 vulneribus
1388 1629 1472 1692 me-

195 1707 361 1807 dendis,
392 1713 440 1798 δι
459 1710 681 1807 ulceribus,
709 1736 803 1829 quae
825 1711 868 1792 in
888 1708 1036 1792 teneris
1067 1713 1260 1826 corporis
1287 1713 1474 1826 partibus

192 1821 442 1922 nascuntur,
470 1823 683 1940 explendis
706 1884 719 1921 ,
747 1846 837 1909 tunt
858 1820 1089 1919 veteribus,
1117 1844 1206 1910 tum
1226 1826 1474 1911 recentiori.

192 1931 267 2024 bus
288 1938 634 2026 commendatur.
662 1934 840 2024 Multum
861 1959 1038 2054 quoque
1068 1934 1302 2025 ventriculo
1330 1934 1472 2025 saluta.

192 2046 481 2135 reshabentur
502 2084 518 2148 ,·
545 2045 703 2136 fastidia
722 2051 833 2134 enim
869 2045 1141 2165 abstergunt,
1171 2048 1472 2137 concoctiones

194 2157 393 2270 adjuvant
418 2225 428 2244 .
454 2160 562 2248 Hinc
584 2162 693 2276 apud
715 2160 912 2247 nostrates
945 2186 1036 2245 mos
1059 2160 1273 2257 obtinuit,
1302 2181 1348 2246 ut
1375 2181 1471 2248 anto

191 2291 338 2355 caetcra
356 2271 548 2360 aliruenta
571 2273 615 2356 in
639 2272 755 2359 cibos
794 2281 961 2358 Laetaris
980 2293 1185 2361 uteremur
1209 2335 1218 2354 .
1247 2277 1471 2382 Quantum

189 2405 324 2493 porro
347 2379 536 2470 conferat
556 2392 725 2468 Laetaris
742 2411 796 2468 ex
816 2381 943 2478 labbe,
971 2381 1037 2472 vel
1063 2392 1151 2496 jure
1173 2383 1303 2468 coetis
1330 2386 1469 2470 cosas·

187 2486 410 2590 suefacere,
465 2497 513 2580 'ui
534 2495 733 2583 diuttirnis
755 2496 911 2582 morbis
932 2490 1017 2580 fere
1043 2491 1251 2589 confesti,
1279 2498 1467 2584 omnium

188 2603 378 2694 ciborum
397 2521 559 2694 fabretto
583 2629 819 2705 tentantur,
847 2635 925 2693 nos
949 2609 995 2692 &
1013 2609 1196 2722 propriis
1209 2608 1468 2720 experimen-

189 2717 239 2804 tis
262 2741 523 2830 compertum
544 2717 765 2817 habemus,
796 2721 842 2804 δέ
862 2750 886 2803 a
907 2717 1113 2807 veteribus
1126 2721 1469 2836 saepiuscommo-

186 2827 301 2913 dein
327 2827 563 2940 hujulinodi
584 2829 821 2918 valetudine
844 2832 1044 2919 adhibitas
1063 2835 1323 2948 accepimns.
1350 2836 1468 2941 Qum⁸

187 2967 233 3026 re
257 2938 491 3025 Columella
514 2941 603 3026 haec
626 2944 801 3027 cecinit:

298 3069 458 3166 Jamque
467 3052 640 3162 filatari
655 3077 832 3168 properet
857 3063 1013 3138 Lattara
1042 3055 1184 3174 strpere,

298 3167 439 3274 Tristia
458 3195 533 3278 que
558 3169 715 3249 relevet
735 3170 838 3278 longi
855 3171 1014 3280 vestagia
1038 3172 1181 3253 morbi.
1507 3265 1509 3268 ,

279 3279 392 3365 Arvo
422 3275 642 3365 intervallo
671 3277 937 3364 chondrillaa
964 3287 1122 3364 Ledaea
1142 3276 1289 3382 distat3
1320 3299 1411 3364 non
1424 3307 1467 3364 e*

306 3389 391 3474 nim
409 3393 554 3485 floris,
581 3413 672 3476 non
690 3389 848 3476 seminis
873 3451 885 3486 ,
913 3415 1002 3473 uon
1032 3391 1234 3483 thalami,
1262 3390 1466 3504 capitulo-

183 3528 362 3619 rumque
382 3497 641 3602 differentia,
670 3498 737 3591 sed
760 3507 913 3614 calyce,
941 3511 1007 3614 qui
1027 3504 1199 3615 squamis
1227 3500 1466 3612 inaqualtbas

185 3625 229 3702 in
245 3621 436 3712 Ledaea,
464 3615 660 3730 equalilus
678 3627 719 3702 in
740 3616 963 3702 Chondrilla
977 3611 1177 3730 formatur
1200 3673 1212 3710 ‚
1242 3615 1460 3726 discernan-

185 3754 273 3812 tur.
960 3787 964 3800 .

238 3841 411 3924 Nomen
431 3837 529 3924 huic
539 3842 684 3959 generi
696 3843 794 3928 hinc
805 3836 1039 3954 impofitum
1050 3839 1304 3951 accepimus,
1332 3835 1464 3954 quod,

188 3977 284 4037 cum
303 3949 411 4036 laste
434 3952 639 4052 abundet,
670 3955 830 4052 evenit,
856 3975 903 4038 ut
921 3949 1108 4062 disruptis
1130 3947 1312 4037 utriculis
1341 4009 1353 4046 ‚
1380 3947 1466 4036 suc·

185 4089 256 4148 cus
283 4059 351 4148 ille
374 4089 522 4161 exeat,
551 4065 600 4150 δι
618 4065 812 4183 repress'us
833 4064 1149 4158 abacrecoeat‚
1179 4083 1305 4173 atque
1317 4060 1359 4143 in
1369 4085 1467 4174 gru·

181 4201 300 4271 mos,
330 4205 438 4301 quos
458 4180 590 4264 Graeci
618 4181 777 4296 χονδρῦς
795 4199 973 4270 vocant,
1001 4173 1215 4260 densetur.

246 4289 458 4402 §ererum
475 4316 571 4383 cum
588 4293 682 4388 duae
700 4280 1468 4488 abantiquichonnnemorenpupuchan,

1013 4429 1039 4480 2
1293 4425 1313 4477 r
1364 4425 1412 4493 a,
