4120 5414
627 277 1048 382 OCTAVA:
1328 329 1345 388 1

196 409 289 506 ua?
324 405 463 496 Flores
486 403 624 492 'autem
658 409 887 520 junguntur
907 403 1121 495 seminibus
1141 413 1301 526 parvis,
1331 333 1480 512 dbbb.

199 527 358 643 longis,
387 547 480 636 quae
501 514 701 604 thalamus
727 516 857 601 nutrit
878 515 1110 639 indiscreta.
1398 541 1400 546 ·

210 693 219 704 ·
256 635 420 726 Finiunt
438 628 648 722 Botanici,
677 647 723 712 ut
744 625 795 716 ab
820 625 1204 734 aliisdrscernatur‚
1233 637 1321 726 hoc
1338 645 1482 730 modoi

210 809 216 816 -
261 755 291 836 1.
318 757 548 834 Tenacetum
568 742 754 851 vulgare,
784 745 932 824 nreu‘m
951 741 999 822 C.
1024 744 1070 824 B.
1087 756 1167 829 Pin.
1200 780 1296 859 132,
1325 753 1371 838 &
1393 759 1481 840 To.

211 899 217 932 τ
261 881 262 884 ’
314 850 445 946 urnef.
472 856 553 965 Inst.
580 856 630 940 R·
659 851 774 940 Herb.
800 857 898 960 461.
934 863 1159 942 tanacetum
1186 865 1396 975 Millefolii
1413 867 1481 978 fo

214 1042 218 1048 .
315 975 382 1056 iiis
410 965 514 1054 Lob.
543 979 637 1048 Iron.
665 989 760 1076 749.

258 1089 358 1172 Haec
379 1078 432 1164 de
454 1076 656 1195 genericis
678 1069 861 1190 partibus
881 1070 1069 1164 indicasse
1100 1085 1315 1179 contenti,
1359 1093 1481 1176 trans,

202 1207 342 1288 'carnus
366 1188 420 1276 ad
441 1189 574 1278 usum.
598 1207 601 1214 '
1418 1275 1424 1283 .

211 1341 226 1388 ·.
247 1307 349 1416 Qui
377 1297 447 1389 dili
479 1305 609 1390 entius
633 1307 720 1416 ejus
744 1321 932 1388 naturam
954 1299 1222 1414 contemplati
1252 1305 1370 1404 sunt,
1398 1307 1485 1396 sali-

207 1420 282 1510 bus
309 1411 464 1504 volanlr
494 1441 538 1503 us
561 1414 788 1526 componi,
815 1407 973 1497 &oleo
984 1409 1175 1498 ess'entiali
1191 1415 1382 1513 asserunt,
1412 1447 1484 1508 ve-

207 1557 300 1618 rum
319 1525 413 1612 sales
436 1551 666 1644 perpaucos
690 1521 931 1616 continere,
960 1519 1057 1606 oleo
1079 1547 1215 1612 autern
1249 1527 1479 1630 abundare3

207 1641 336 1754 idque
355 1663 429 1751 per
449 1632 651 1751 Analysrnt
674 1630 919 1749 Chymicam
940 1633 1206 1744 comprobari
1229 1699 1242 1732 ,
1271 1665 1353 1753 qua
1385 1638 1487 1728 sales·
1537 1651 1543 1666 '

207 1755 275 1840 uel
295 1775 382 1833 non
403 1745 692 1838 extrahuntur,
720 1739 787 1831 vel
806 1767 1010 1856 perquam
1032 1747 1155 1856 pauci
1184 1807 1196 1844 ,
1224 1769 1269 1832 at
1290 1747 1372 1840 olei
1384 1751 1488 1838 mul<

205 1886 323 1950 uun.
350 1848 1067 1972 AdjicitToutnefortius,Tanacrti
1092 1853 1217 1944 succo
1250 1885 1340 1944 non
1369 1860 1486 1950 infici

205 1997 430 2091 papyrum.
457 1973 553 2056 Hoc
574 1989 711 2054 autem
731 1963 841 2081 apud
867 1991 1010 2052 omnes
1025 1965 1183 2054 constat
1204 1997 1385 2059 amarum
1406 1971 1485 2060 esse

208 2111 305 2169 cum
326 2082 462 2196 aliqua
480 2080 777 2177 mordacitate,
806 2073 938 2164 odore
962 2079 1230 2168 aromaticum
1241 2117 1255 2178 ,·
1287 2107 1486 2196 praeterea

207 2193 418 2306 aperiendi
438 2188 760 2306 discutiendique
780 2211 970 2276 naturam
985 2189 1161 2278 habere.
1188 2193 1313 2289 Utile,
1326 2199 1485 2282 ventri-

206 2302 327 2401 culo,
356 2301 453 2388 utile
475 2296 626 2386 insartis
648 2299 887 2394 visceribus,
917 2297 1018 2388 utile
1038 2332 1093 2388 ex
1115 2304 1215 2391 vino
1238 2327 1390 2420 potum
1402 2313 1485 2422 pri-

208 2417 310 2507 uatis
326 2409 590 2502 soeminarum
608 2413 784 2507 morbis.
801 2409 961 2529 quibus
985 2411 1244 2504 menstruales
1266 2443 1346 2532 pur
1379 2421 1486 2508 atio-

207 2551 277 2612 nes
299 2548 370 2613 aut
388 2551 474 2608 non
492 2523 738 2638 sequuntur,
769 2545 840 2610 aut
860 2551 950 2620 non
970 2525 1072 2636 justa
1095 2553 1151 2612 co
1182 2528 1220 2610 ia
1243 2556 1256 2628 3
1287 2443 1388 2616 utise
1411 2531 1485 2616 de-

206 2640 333 2757 nique
354 2666 407 2722 erc
427 2635 590 2726 renibus
611 2635 913 2723 laborantibus.
943 2643 1078 2725 Succo
1108 2551 1349 2730 arsunciarn
1366 2641 1486 2726 exhi-

208 2748 298 2834 bito
319 2745 502 2836 adversus
521 2742 653 2833 febres
676 2748 820 2830 incerti
843 2747 1037 2833 circuitus
1061 2746 1284 2836 nonnullos
1316 2751 1483 2868 prospe-

208 2887 256 2942 re
278 2859 367 2944 usos
390 2857 599 2969 cognovi.
628 2863 731 2964 Quo
752 2856 936 2942 remedio
961 2851 1008 2942 &
1028 2859 1305 2978 hydropicos,
1334 2865 1378 2954 de
1403 2893 1486 2950 ma-

205 2969 255 3055 so
275 2967 448 3064 habitu,
476 2983 601 3080 quem
625 2962 820 3081 καχεξίθῳ
839 2969 967 3054 Graeci
988 2997 1174 3074 vocant,
1202 2997 1381 3065 tentatos
1426 2977 1484 3060 10.

206 3085 298 3172 uari
329 3081 474 3166 audior
503 3077 561 3163 est
589 3074 939 3165 Toumefortius.
978 3084 1040 3166 Fit
1073 3085 1195 3184 etiarn
1224 3115 1278 3172 ex
1312 3078 1484 3176 floribus

208 3191 454 3306 compositio
483 3190 733 3301 (conservam
750 3187 832 3282 suo¹
854 3192 1041 3306 quodam
1060 3202 1147 3310 jure
1170 3196 1478 3312 pharmacopo-

207 3301 260 3393 iae
279 3305 445 3410 dicunt)
475 3367 486 3384 .
509 3301 603 3398 ‚Hac
621 3301 669 3384 iis
689 3301 889 3399 succurri,
914 3307 991 3421 ,qui
1005 3308 1399 3403 comitialimorbo,
1435 3305 1485 3391 δε

210 3417 412 3532 vertigine
443 3415 753 3526 corripiuntur,
793 3414 900 3496 inter
941 3443 994 3496 ex
1026 3421 1225 3502 crimenta
1262 3419 1483 3504 habemus.

211 3533 411 3616 Externus
437 3551 611 3642 quoque
632 3524 718 3614 usus
737 3525 821 3613 suas
842 3521 969 3610 habet
989 3441 1126 3610 sbudes
1152 3556 1166 3628 3
1198 3526 1409 3616 rheumate
1443 3557 1484 3614 e-

211 3641 300 3724 nim
320 3632 469 3724 affestae
489 3658 644 3750 partes,
665 3633 855 3732 vulnera,
883 3633 1041 3731 ulcera,
1070 3659 1290 3736 manuum,
1313 3641 1484 3753 pedum-

208 3779 298 3868 que
319 3753 432 3836 rimae
456 3745 521 3835 vel
539 3762 719 3852 temerii
735 3750 916 3837 decosto
937 3745 1004 3837 vel
1023 3744 1148 3834 succo
1178 3751 1415 3840 colluuntur
1436 3779 1484 3834 o-

213 3863 362 3977 ptime.
390 3859 521 3948 Usum
544 3883 679 3950 autem
701 3863 742 3946 in
763 3857 903 3948 mensis
923 3888 997 3946 cur
1026 3883 1228 3973 pretereo
1253 3923 1265 3961 ,
1294 3891 1384 3982 quo
1415 3859 1486 3964 ali-

209 3995 352 4068 menta
372 3969 646 4085 smpsieiffime
674 3975 926 4076 condiuntur
945 3973 990 4058 iis
1023 3971 1243 4084 plurimum
1275 4001 1482 4061 commem

209 4085 331 4182 data,
359 4083 540 4200 quinon
562 4087 718 4176 Indicas
741 4113 898 4188 merces
921 4109 1090 4171 coenare
1117 4083 1244 4184 soliti,
1272 4085 1371 4190 cibis
1398 4107 1486 4166 tan-

210 4220 303 4296 tum
327 4194 559 4308 indulgent,
589 4222 791 4315 quantum
811 4195 1059 4283 naturalibus
1085 4193 1285 4306 desideriis
1314 4191 1487 4306 exissen-

216 4307 388 4422 dissutis
409 4309 601 4402 videtur?
680 4405 711 4415 ,,
1038 4399 1042 4406 .

248 4419 312 4430 ”
502 4421 507 4427 “
1074 4415 1151 4502 Ν·
1229 4435 1243 4449 ··
1337 4416 1434 4525 Pat-
