4130 5424
627 250 652 334 r
856 225 1563 344 orssunrnrro

560 363 610 452 in‘
633 356 781 476 plantis
810 383 834 441 a
875 348 1077 466 plerisque
1105 370 1218 437 nunc
1258 369 1443 463 quatuor
1480 345 1562 432 esse
1603 347 1846 460 traduntur,'

560 474 747 592 sulphur,
776 487 903 583 Aqua,
931 467 1060 558 Sales,
1088 458 1137 546 &
1163 470 1201 542 T
1199 490 1311 544 erra.
1335 463 1435 546 Haec
1464 458 1513 544 &
1540 464 1656 547 omni
1673 463 1840 576 plantor,
1917 520 1919 524 .

562 589 610 674 dc
637 580 827 674 omnibus
856 572 942 664 fere
970 572 1119 689 plantae
1148 568 1337 682 partibus
1375 569 1501 658 inesse
1518 576 1650 660 certis
1679 582 1841 692 experi-

560 700 711 788 mentis
740 683 972 804 acccpitnus
999 747 1010 772 .
1034 689 1111 794 ,Ex
1136 681 1290 772 horum
1318 684 1451 779 varia,
1482 683 1530 769 &
1557 686 1714 778 diversa
1740 716 1841 806 pro,

559 814 764 929 portione
792 823 861 890 tot
888 798 1104 890 varietates
1133 796 1352 900 oriuntur3
1380 795 1480 881 hinc
1507 794 1696 894 diffimilis
1723 802 1841 918 plan.

561 947 700 1014 tarum
724 917 886 1004 habitus
900 971 922 1010 A,
962 909 1060 996 hinc
1088 905 1292 998 mirabiles
1320 913 1471 996 florum
1506 908 1699 1012 colores,
1736 913 1840 1006 hinc

563 1037 679 1125 varia
706 1028 889 1116 odoretm
915 1043 1084 1116 natura,
1111 1020 1212 1108 hinc
1239 1042 1306 1108 tot
1333 1018 1400 1108 illa
1427 1019 1620 1134 saporum
1645 1023 1839 1116 discrimi.

558 1171 615 1232 nrt
673 1139 978 1230 toficiscuntur.
1007 1138 1107 1221 Haec
1135 1131 1321 1248 stirpium
1339 1129 1552 1223 facultates
1581 1136 1837 1230 constituunt

558 1171 692 1345 morlo
719 1248 948 1342 nutriendis
977 1245 1250 1340 animantibus
1279 1269 1418 1362 aptas„
1444 1247 1578 1333 modo
1603 1249 1840 1352 inutiles&

558 1369 740 1457 noxias.
783 1366 948 1454 Horum
989 1358 1103 1456 varia
1140 1358 1421 1472 permixtione
1455 1358 1633 1454 Medicae
1670 1365 1837 1454 virtutes

560 1483 794 1570 conflantur
816 1511 833 1574 ,·
862 1474 911 1563 δι
937 1501 993 1566 ex
1019 1467 1096 1556 illis
1126 1469 1334 1600 aliaeqquae
1361 1471 1497 1562 alvum
1525 1473 1720 1578 solvunt,
1749 1475 1838 1570 aliae

561 1621 660 1715 quae
697 1617 742 1678 re
775 1588 957 1684 rimunt,
996 1583 1133 1672 multae
1172 1609 1361 1682 urmsm,
1398 1578 1610 1670 nonnullae
1646 1586 1837 1682 sudorem

562 1712 706 1802 cient,
734 1615 826 1788 llere
854 1727 948 1817 quae
975 1693 1195 1784 commode
1222 1691 1456 1784 vulneribus
1483 1692 1757 1798 instillantur,
1795 1733 1839 1788 a..

561 1819 627 2018 liaae
652 1814 789 1904 utilius
818 1807 1007 1906 ambustis
1036 1805 1295 1906 illiniuntur,
1330 1803 1419 1898 diae
1445 1808 1577 1921 aptius
1604 1817 1656 1896 ad
1695 1810 1837 1902 ulcera

604 1953 740 2018 crunt.

617 2047 673 2128 Et
698 2046 789 2130 haec
819 2041 872 2129 de
900 2037 1112 2157 principiis
1141 2027 1476 2126 commemorant
1504 2031 1705 2143 sufficiat3
1744 2042 1865 2158 qui..¹

565 2151 641 2242 bus
671 2157 885 2272 cognitis,
927 2154 1118 2266 protinus
1149 2147 1203 2235 ad
1231 2144 1317 2235 illas
1344 2167 1482 2262 partes
1512 2173 1607 2265 quae
1634 2150 1709 2238 illis
1737 2179 1839 2237 con.

562 2263 694 2365 stant,
722 2265 781 2354 est
808 2264 1099 2352 transeundum
1122 2325 1132 2344 .
1159 2263 1316 2350 Harum
1341 2259 1430 2350 duo
1458 2259 1738 2354 constituimus
1766 2289 1838 2382 ge,

560 2402 694 2476 nera,
725 2377 858 2464 altero
878 2377 1047 2488 fibrillas
1072 2368 1438 2484 complemus,
1474 2379 1656 2460 utriculos
1682 2375 1836 2466 altero.

562 2487 679 2602 Qrid
706 2488 818 2575 enim
846 2487 956 2574 aliud
978 2487 1030 2592 ¹,in
1059 2483 1208 2598 plantis
1239 2510 1368 2602 quam
1395 2483 1486 2574 haec
1522 2483 1611 2572 duo
1645 2485 1835 2582 fibrilltm

561 2599 610 2686 &
638 2597 863 2702 utriculum
890 2599 1074 2713 reperire
1102 2595 1201 2681 licet
1226 2608 1240 2680 Ξ
1265 2597 1354 2688 ,His
1382 2595 1523 2693 radix,
1551 2618 1744 2698 truncus,
1771 2598 1863 2686 fo·-

561 2707 639 2808 lia,
668 2743 716 2801 ac
744 2705 898 2800 nauus
928 2727 1260 2822 componuntur.
1289 2706 1651 2818 Quemadmodum
1677 2711 1724 2796 δι
1750 2717 1834 2800 ani·

562 2823 738 2914 molium
758 2851 943 2940 corpora
971 2850 1026 2908 ex
1053 2815 1206 2908 fibrillis
1236 2819 1447 2920 constant,
1477 2820 1526 2908 &
1546 2847 1601 2909 ex
1620 2819 1836 2938 glandulin

562 2935 771 3031 elibrillis
801 2938 970 3057 quidem
999 2929 1086 3021 ossa
1115 2928 1242 3028 fiunt,
1271 2933 1384 3018 cartil
1443 2937 1553 3030 ines,
1580 2936 1837 3034 nervi„ten-

562 3045 702 3142 dines,
730 3074 853 3143 caro,
882 3044 1138 3138 membrana,
1168 3043 1282 3140 ναΐας
1310 3069 1400 3160 quo
1458 3067 1596 3132 autern
1622 3075 1770 3140 munus
1792 3053 1836 3140 in

564 3157 839 3247 animantibus
869 3156 1058 3284 praestant
1083 3152 1307 3277 glandulae,
1334 3155 1445 3245 idem
1473 3156 1533 3242 est
1563 3160 1835 3267 utriculorurn

562 3272 608 3354 in
635 3267 807 3384 plantis.
834 3268 1091 3358 Fibrillarum
1120 3293 1251 3383 porro
1280 3293 1372 3354 non
1399 3295 1481 3356 una
1508 3270 1568 3359 cst
1592 3294 1765 3377 natura,·
1793 3269 1856 3364 a?

561 3378 626 3468 liae
653 3383 762 3470 enirn
789 3381 956 3468 humori
995 3379 1225 3497 permeanti
1265 3399 1431 3472 tantum
1458 3381 1710 3485 inserviunt,
1750 3386 1837 3476 aliae

562 3496 684 3580 serie
722 3494 796 3581 illae
813 3496 976 3608 fibrillae·
1000 3495 1173 3611 proprie
1202 3488 1428 3594 dicuntur,
1456 3493 1561 3594 has,
1587 3499 1757 3586 nomine
1785 3499 1838 3588 ab

561 3605 831 3696 animantibus
857 3629 1046 3695 mutuato
1074 3665 1088 3702 ,
1113 3601 1366 3718 Malpighius
1386 3609 1557 3700 trachea
1583 3614 1837 3728 nuncupavit

564 3720 780 3834 princeps·
812 3721 1022 3807 structura
1051 3743 1226 3834 quoque
1249 3715 1467 3810 differunt:
1479 3723 1640 3834 fibrillae
1667 3735 1838 3810 innume·

562 3839 620 3912 ris
645 3836 801 3940 conflant
828 3831 985 3941 tessellis
1012 3833 1302 3928 canaliculatis,
1338 3838 1501 3918 alteram
1526 3840 1656 3936 ultera
1694 3849 1836 3966 excipi-

560 3966 647 4028 ente
659 3969 674 4043 ς
702 3943 811 4028 unde
833 3941 972 4028 succus
995 3941 1046 4040 ab
1067 3938 1272 4030 radicibus
1292 3940 1451 4035 subiens
1474 3943 1643 4034 tessellas
1665 3949 1837 4034 interro·

560 4080 626 4140 res
650 4049 850 4169 propellit
875 4051 1044 4154 surium,
1072 4054 1121 4148 ὃς
1138 4053 1217 4139 hac
1237 4057 1400 4144 ratione
1420 4057 1661 4149 adolescunt
1674 4060 1833 4174 plantae,

558 4169 669 4252 Hinc
695 4167 880 4256 flexibilis
903 4169 1102 4278 arborum
1117 4189 1262 4254 natura
1282 4169 1458 4283 pendet,
1485 4168 1587 4256 hinc
1598 4170 1735 4258 lentot
1748 4200 1833 4260 mn

560 4277 696 4376 tetiae,
721 4279 818 4368 hinc
841 4277 1084 4406 clasticitas.
1108 4279 1351 4400 liujultuodi
1379 4301 1518 4380 autem
1538 4281 1696 4382 fibrtllae
1725 4285 1834 4411 iners

1712 4421 1773 4486 ml
