4130 5424
613 215 1021 336 ..razna
1358 267 1407 351 13

209 343 361 434 &idum
378 342 390 439 ,’
410 333 621 434 connexus}
642 340 775 456 quibus
797 365 935 428 mutuo·
954 341 1010 426 tbi
1030 341 1211 456 ronaffiiffis
1226 353 1383 440 trachea
1403 370 1479 445 eir..

212 479 475 576 componantur
510 514 522 537 .
561 455 780 538 interpell·
808 475 980 570 occupant
1006 468 1168 546 utriculi
1195 525 1207 562 ,
1249 464 1297 562 ἅ
1314 472 1478 582 plurimi

237 577 365 657 uidem
386 579 428 653 in
445 569 599 677 erroris
615 567 753 680 frulb'·
791 601 840 666 s,
864 564 1058 683 prr'tirres
1078 581 1121 656 ir
1135 578 1275 683 fieris.
1303 584 1471 676 Fruitur

211 603 411 772 linitura
454 701 538 765 atet
566 681 611 763 in
629 675 716 762 lroc
738 675 941 764 exsiccato
961 691 1199 773 Mamordicae
1217 683 1374 782 frustue
1399 693 1474 784 hic

210 817 391 892 cortex;
419 705 463 876 ii
493 786 732 877 fibrillarunt
758 783 968 878 fasciculi:
1000 795 1134 882 inatria
1167 800 1291 924 spatia
1318 807 1473 898 utricu-

207 904 238 992 li
263 905 512 1020 replebant.
538 905 637 988 Haec
667 900 873 1018 paneade
899 899 1035 993 fruotu
1057 907 1197 998 dixille
1223 913 1310 1002 satis
1338 918 1471 1008 eredi-

207 1045 297 1220 gtus
318 1053 335 1116 ‚-
359 1018 521 1134 reliqua
546 1014 591 1098 in
620 1018 817 1131 proxima
844 1012 1119 1110 diss‘ertatione
1149 1021 1307 1135 plenius
1335 1028 1469 1118 osten·

241 1155 383 1220 emus.
494 1155 498 1163 ’
756 1193 760 1202 ·
795 1171 798 1180 “

328 1363 365 1447 Is
396 1383 477 1476 pro
503 1302 643 1442 nostra
667 1305 860 1444 facultate
888 1297 1117 1484 expostus,
1145 1361 1273 1450 altera
1290 1357 1470 1492 superest

356 1500 450 1588 pars
481 1528 494 1567 ,
531 1495 627 1584 quae
652 1464 806 1556 horum
836 1495 1024 1556 omniurn
1051 1469 1163 1562 usum
1190 1475 1361 1594 exigat.
1397 1487 1467 1569 De

201 1587 321 1702 qua',
355 1582 425 1670 etsr
453 1577 652 1697 pleraque
673 1578 847 1669 dicenda
866 1581 1094 1680 haberem,
1122 1609 1234 1674 nunc
1256 1611 1392 1677 tamen
1413 1591 1466 1682 ad

201 1726 253 1784 ea
280 1717 436 1784 tantum
455 1717 550 1810 quae
577 1695 817 1810 praecipua‚
846 1721 895 1780 ac
925 1695 1086 1807 prorsus
1108 1694 1325 1786 necess‘aria
1341 1699 1463 1801 sunt,
1509 1771 1511 1776 .

197 1807 427 1896 sermonem
455 1803 718 1891 contraham.
745 1813 893 1926 Itaque
920 1809 1111 1920 protinus
1134 1809 1244 1896 hanc
1333 1811 1463 1900 aestio·

198 1945 298 2010 nem
324 1923 369 2005 in
395 1919 492 2007 duas
516 1938 650 2031 partes
670 1917 870 2007 distribuo
891 1949 905 2022 3
937 1923 1099 2033 prima,
1127 1949 1265 2038 quaea
1312 1921 1463 2014 humo.

197 2035 254 2124 tis
285 2033 445 2120 cursona
463 2029 678 2143 spoliant,
706 2028 994 2144 complebtare
1021 2034 1066 2117 in
1092 2033 1219 2119 altera
1239 2031 1359 2147 hujus
1382 2035 1462 2126 hu.

197 2147 328 2346 πῖοζίε
364 2139 572 2239 elicitos,
610 2141 711 2230 idest
735 2141 969 2260 plantarum
994 2143 1246 2238 incrementa
1274 2167 1462 2238 contern-

197 2283 382 2372 paor.
891 2293 895 2302 ⁴

201 2409 208 2422 ·
252 2377 401 2458 Suecus
432 2369 516 2476 (nt
544 2370 690 2456 ordine
710 2367 941 2488 incipiam)
970 2391 1090 2460 terrae
1117 2363 1338 2490 uliginosus
1367 2399 1460 2488 par·
1602 2396 1604 2402 ’

195 2479 302 2570 tibus
331 2481 511 2570 imbutus
531 2482 789 2570 alimentariis
811 2483 956 2597 suopte
975 2479 1166 2598 pondere
1187 2481 1377 2570 deorsum
1404 2485 1459 2570 ad

193 2595 349 2684 radices
377 2591 616 2695 descendit,
646 2593 695 2682 ὅ(
721 2596 872 2682 deinde
892 2619 961 2684 aut
986 2593 1327 2710 fiphuneulorum
1352 2592 1466 2682 subit.

193 2701 351 2803 oscula,
381 2704 409 2790 st
437 2705 550 2793 fibrae
570 2704 726 2802 adsint,
755 2705 1070 2825 ingrediturque
1095 2706 1176 2797 hac
1205 2709 1273 2798 via
1300 2707 1459 2796 utricu'.

193 2815 277 2918 los,·
306 2837 376 2903 aut
396 2815 445 2903 ab
469 2814 560 2930 ipsis
571 2815 777 2916 utriculis,
804 2818 932 2937 quiin
943 2815 1273 2918 cuticulahiant,
1299 2821 1457 2934 excipi-

194 2951 293 3029 tur,
322 2949 369 3014 ut
396 2928 438 3011 in
462 2931 622 3046 magnis
650 2927 855 3016 radicibus
882 2931 1120 3046 contingit,
1150 2934 1193 3018 in
1214 2928 1343 3020 bulbis
1366 2993 1380 3031 ‚
1406 2933 1455 3018 in

193 3039 404 3130 tuberibus
433 3037 544 3126 fibris
566 3039 793 3126 destitutis.
822 3043 944 3132 Tunc
973 3069 1078 3130 vero
1105 3043 1158 3130 ab
1181 3039 1361 3135 utriculis
1381 3042 1456 3130 de·

190 3157 365 3268 ponitur
392 3154 498 3238 intra
519 3149 682 3240 fibrillas
701 3149 839 3238 succus
862 3217 871 3236 .
899 3152 1037 3244 Primo
1055 3155 1199 3274 itaque
1220 3183 1349 3252 vere,
1377 3153 1454 3242 sta.

191 3266 267 3354 tim
302 3295 351 3354 ac
378 3265 525 3354 humus
564 3261 693 3352 laxari
726 3265 962 3384 aperirique
989 3267 1176 3382 incipit,
1216 3265 1450 3377 cerealesque

190 3409 302 3464 auras
322 3439 335 3476 ,
364 3401 410 3466 ut
428 3375 548 3461 Plinii
571 3379 708 3467 verbis
730 3400 852 3476 utar,
881 3378 1090 3475 admittit,
1119 3406 1191 3462 aer
1209 3378 1252 3460 in
1272 3375 1451 3460 tracheis

189 3513 411 3578 contentus
437 3552 450 3588 ,
475 3513 565 3572 non
594 3511 660 3580 ant
689 3488 763 3577 lius
792 3491 843 3577 ab
874 3486 1137 3576 incumbente
1156 3483 1315 3604 frigore
1342 3490 1450 3600 pres-

185 3601 250 3691 sus
277 3599 622 3702 decennarius,
648 3516 919 3697 distenditur,
948 3599 998 3686 &
1027 3597 1289 3687 trachearum
1316 3599 1451 3712 pario

144 3773 150 3786 -
187 3735 248 3800 tes
287 3714 363 3800 sele
393 3714 641 3832 explicando
678 3715 778 3802 hinc
807 3712 901 3801 inde
929 3733 1092 3830 urget:
1136 3739 1219 3830 qua
1245 3711 1450 3826 pretione

184 3825 436 3942 interpofitae
462 3826 618 3916 librillae
636 3829 930 3922 coarstantur,
959 3825 1005 3914 δε
1025 3848 1250 3941 propterea
1270 3846 1446 3915 conten.

186 3957 277 4024 turn
306 3939 467 4030 succum
495 3941 546 4026 ad
574 3941 868 4029 ascendendum
896 3936 1168 4053 propellunt.
1195 3941 1292 4024 Hoc
1318 3939 1446 4055 igitur

183 4048 356 4148 confilio
384 4074 496 4138 tanta
525 4057 787 4143 trachearum
814 4055 938 4184 copia
965 4051 1124 4140 radices
1153 4051 1440 4152 instruuntur3

183 4183 276 4250 torn
304 4165 424 4278 qood
452 4172 587 4278 major
615 4171 676 4258 vis
697 4161 911 4254 necell'arta
938 4187 1064 4263 erat,
1106 4184 1153 4253 ut
1181 4190 1255 4276 per
1282 4159 1445 4248 rebium

183 4277 377 4374 truncum
402 4277 682 4396 impelleretur
710 4275 948 4379 alimentum
965 4274 1092 4396 usque
1121 4274 1174 4368 ad
1199 4271 1397 4365 uranum
1423 4303 1441 4381 5

1297 4405 1389 4498 “¹¹12
