4088 5412
634 210 721 302 282
856 197 1560 314 DISSERTATTO

536 359 558 374 ¹·
625 323 810 415 Transeo
840 323 982 440 itaque
1011 319 1063 406 ad
1090 319 1426 418 cenantium,
1455 319 1589 439 qrtad,⁸
1610 361 1694 418 cum
1712 331 1852 446 abania,

553 469 642 562 -que
671 437 1004 554 chrysanthemum
1024 436 1160 548 ferat,
1190 441 1310 546 capita
1336 464 1499 552 nempe,
1529 471 1699 557 mgna,
1729 455 1855 542 hemi.

553 559 759 673 spherica,
779 550 950 663 sqteamis
977 547 1208 631 imbricatim
1231 547 1356 662 postris
1380 552 1697 672 inequalibusque
1717 576 1851 676 cinlh5

556 673 711 786 semine
735 668 868 759 nuda,
897 661 1111 757 &nudum
1136 661 1368 758 thalamum,
1395 665 1577 787 foliorum
1626 705 1754 776 truta,
1775 713 1851 796 qu

565 795 719 895 integra
738 781 894 862 dentata
916 783 957 858 in
969 773 1134 868 ambitu,
1155 769 1201 869 ό*
1219 775 1413 858 Bellidem
1420 777 1517 896 sept
1537 677 1753 900 reserantia
1766 821 1853 908 pre-

563 899 695 989 ducit,
719 923 741 974 ι
761 886 1050 1004 chrysanthemo
1071 885 1359 998 inlermscitur.
1835 895 1840 908 '

693 1007 731 1084 T
746 1001 873 1119 igitur
884 1001 926 1083 in
945 997 1250 1120 chryfintbmis
1267 1001 1481 1118 genericas
1534 1030 1640 1098 artes
1664 1014 1850 1126 perscru-

718 1119 791 1200 tati
807 1109 986 1210 -sutnus,
1023 1115 1079 1197 ita
1106 1111 1150 1196 in
1176 1114 1473 1204 Leucantbenis·
1499 1031 1694 1217 ibciamor
1718 1187 1731 1226 ,
1756 1127 1847 1218 hoc

561 1235 745 1348 primum
771 1229 814 1310 in
843 1225 969 1423 pratis
999 1223 1165 1311 nascens

557 1393 565 1405 ·
620 1349 652 1428 Ι.
678 1359 842 1428 Leucant
871 1370 995 1423 einum
1023 1341 1185 1451 vulgare
1214 1331 1416 1426 Toumefi
1442 1347 1522 1458 Μ.
1542 1350 1594 1436 R.
1615 1351 1729 1435 Heri.
1752 1379 1842 1458 492.

560 1491 563 1502 ·
673 1456 795 1538 Bellis
804 1449 1034 1564 sylvestris,
1060 1455 1163 1535 caule
1181 1455 1336 1576 fhliofi,
1355 1468 1477 1573 major
1502 1461 1551 1544 C.
1572 1465 1615 1548 Β.
1642 1476 1727 1550 Pin.
1755 1470 1845 1548 261.

682 1569 801 1652 Bellis
828 1559 1088 1685 majoruDod.
1118 1580 1262 1682 Pempt.
1288 1571 1371 1678 265

563 1685 609 1769 in
636 1671 875 1790 exemplum
902 1673 1160 1762 assumentes.

622 1791 799 1878 Summis
828 1787 948 1874 ramis
976 1787 1170 1909 caulique
1206 1788 1508 1905 hemisphaerica
1544 1795 1728 1910 capitula
1753 1797 1851 1884 inli-

561 1905 692 2001 dent‚
720 1897 873 2018 quibus
893 1896 1025 1985 flores
1048 1903 1341 2001 continentur,
1360 1905 1575 2026 inquibus
1601 1912 1726 1994 flores
1745 1911 1850 1996 'den-

566 2017 611 2102 so
640 2016 691 2102 δε
715 2011 932 2128 multiplici
961 2007 1246 2132 squamarum,
1274 2036 1370 2136 quae
1398 2017 1643 2108 imbricatim
1676 2031 1852 2136 iacent,

564 2131 716 2215 ordine
756 2125 1014 2241 circumsepti
1043 2124 1284 2217 firmantur.
1310 2131 1516 2224 Deoilum
1541 2130 1709 2220 reflexis
1735 2133 1855 2252 squa..

564 2243 666 2338 mis,
694 2236 971 2326 extrahuntur
1009 2243 1134 2327 flores
1172 2240 1488 2344 scinillosculosr,
1530 2248 1689 2363 ampli,
1719 2243 1852 2361 lingu-

563 2352 662 2451 lati,
691 2352 771 2439 albi
804 2369 901 2435 cum
930 2350 1033 2465 tuba
1065 2353 1211 2453 lutea,
1250 2375 1436 2479 quorum
1473 2363 1722 2478 embryones
1763 2381 1853 2444 cre·-

569 2465 689 2551 scunt
718 2465 762 2546 in
787 2463 937 2547 semina
967 2463 1179 2583 oblonga,
1207 2458 1309 2547 striis
1337 2467 1578 2584 inaequalia,
1603 2469 1738 2564 nuda,
1787 2472 1855 2556 trac

563 2575 703 2662 nudus
734 2573 935 2663 thalamus
964 2573 1111 2662 fovet.
1137 2571 1341 2687 Depositis
1367 2567 1670 2678 semillosculis,
1714 2493 1853 2665 diicus

572 2711 749 2805 apparet
807 2688 1088 2806 uamplurimis
1117 2683 1294 2774 flosculis
1324 2690 1498 2805 proprie
1515 2692 1634 2780 dietis
1661 2689 1851 2788 refertus

564 2828 751 2926 ’quorum
827 2827 979 2901 rmanr,
1009 2801 1059 2888 &
1086 2824 1223 2918 partes
1254 2825 1496 2916 praetcre03
1524 2831 1625 2893 nam
1650 2825 1856 2923 cognato-

564 2943 665 3005 tum
692 2937 887 3005 naturam
914 2915 1094 3004 habent.
1787 2943 1791 2954 ·
1840 2926 1849 2989 ἕ

622 3033 719 3113 Hoc
742 3057 876 3146 porro
899 3055 922 3114 a
946 3028 1122 3114 Medicis
1140 3025 1399 3114 celebratum
1415 3031 1610 3127 invenio,
1631 3025 1860 3119 facultates}

567 3167 652 3267 que
673 3149 837 3229 Bellidis
847 3143 1048 3257 sylvestris
1065 3150 1222 3224 minoris
1238 3139 1276 3222 ei
1303 3139 1568 3225 tribuuntur.
1587 3149 1744 3257 Sapore
1767 3140 1861 3229 sub»

562 3251 711 3339 lalsurn
728 3251 933 3374 gustatur.
953 3257 1110 3336 Potum
1130 3267 1232 3335 curn
1250 3249 1353 3338 vino
1377 3270 1568 3338 cruentas
1589 3257 1860 3342 excretiones

564 3363 729 3454 inhibet
741 3437 750 3454 .
762 3373 874 3454 Tota
899 3361 1030 3452 herba
1053 3393 1109 3449 ex
1127 3360 1359 3482 Zitbogalo
1378 3361 1755 3456 decostaadversus
1781 3364 1861 3480 spi-

512 3558 526 3580 *
567 3477 688 3564 randi
724 3481 1009 3570 difficultatem
1033 3477 1242 3592 praecipua
1261 3475 1491 3604 proditur:
1523 3481 1579 3568 ita
1610 3484 1657 3566 iis
1679 3479 1861 3594 maxime

565 3592 713 3690 utilis,
759 3620 868 3713 quos
891 3589 1051 3679 levibus
1085 3587 1292 3675 febriculis
1322 3611 1502 3676 tentatos
1531 3586 1729 3713 frequens
1753 3589 1863 3674 tuffis

569 3704 762 3792 clevexat.
800 3704 869 3792 Est
887 3727 1150 3821 unguentum
1168 3703 1286 3830 quod
1305 3699 1516 3816 alopecias
1535 3707 1677 3794 densat
1699 3703 1861 3789 illitum

571 3819 744 3932 Recipit
779 3819 867 3906 hoc
889 3819 1160 3920 Leucaneliem'
1179 3817 1278 3904 tolia
1310 3816 1359 3900 δι
1377 3818 1559 3934 capitula
1587 3849 1643 3908 ex
1671 3815 1800 3908 veteri
1820 3843 1863 3899 a·

571 3931 729 4056 xnngia
751 3931 805 4016 ad
830 3929 1345 4021 linimenticonfistentiam
1364 3931 1536 4018 corita.
1557 3939 1700 4018 Fertur
1723 3950 1863 4016 autern

573 4041 822 4156 Caelalpinus
847 4043 960 4130 hanc
980 4043 1205 4134 ntimuram
1228 4047 1271 4129 in
1293 4037 1411 4129 usum
1433 4050 1614 4161 primurn
1634 4035 1867 4161 excogitas·

563 4149 631 4238 ie:
655 4181 766 4242 nunc
792 4156 846 4245 ab
865 4157 1032 4273 optimo
1056 4183 1238 4278 quoque.
1259 4153 1503 4274 triurpatur.
1740 4266 1746 4278 .
1793 4263 1802 4276 ,

631 4264 823 4392 Alterum
852 4293 992 4360 autern
1018 4273 1336 4388 Leucantlemurn
1363 4271 1484 4368 nullo
1521 4271 1607 4364 alio
1635 4267 1864 4390 discrimine
