4120 5414
183 365 337 464 'lacuit'
364 408 386 470 ,a
409 367 470 453 ‘aa'
480 363 616 480 semea
640 369 740 480 qaod
766 374 932 458 continet
962 429 977 468 ‚
1003 367 1054 452 ab
1082 397 1131 454 aa·
1149 295 1471 503 tanquam7ftpa'.

186 515 297 574 mn
319 549 328 568 .

194 625 214 662 ··
241 583 698 706 constituto'genere‚
725 589 877 702 species
905 592 1117 682 videamus
1148 661 1158 680 .

188 755 197 772 ·
242 710 373 796 Prima
412 705 592 790 marvis
641 703 857 792 interfata
884 710 1121 820 provenit,
1158 712 1269 800 unde
1298 742 1468 808 nomen

190 820 351 918 babet3
378 821 539 935 quippe
567 834 745 902 vocatur
1460 859 1463 870 2

188 987 195 1004 ·
235 941 265 1020 Ι.
290 935 427 1019 caltha
451 927 617 1038 arotnsts
639 929 687 1012 C.
706 931 746 1012 B.
769 940 849 1014 Pin.
884 934 995 1042 276„
1018 932 1064 1018 &
1092 934 1203 1022 Mor.
1229 944 1319 1053 Hist.
1348 977 1383 1056 3.
1409 975 1468 1055 14

215 1083 250 1090 ··
295 1047 432 1131 caltha
459 1049 619 1126 minima
646 1041 682 1147 J.
709 1043 752 1125 B.
782 1073 818 1153 3.
856 1074 944 1154 ¹⁰3⁴
1222 1133 1227 1141 ,
1291 1089 1297 1096 -

185 1149 197 1163 ’
241 1156 384 1242 Flores
411 1155 456 1239 in
482 1151 686 1238 radiatum
714 1151 943 1268 capitubrm
959 1155 1142 1273 digestos
1168 1155 1319 1258 effert,
1348 1174 1464 1272 cujus

182 1267 305 1389 calyx
331 1262 557 1387 aequalibus
584 1254 741 1348 foliolis
779 1267 939 1354 constat
966 1270 1199 1358 extrorsum
1226 1273 1461 1376 inclinatis,

179 1383 228 1468 &
254 1405 360 1468 ‘cum
403 1377 585 1464 thalamo
615 1375 783 1462 obtusos
823 1376 999 1495 angulos
1043 1384 1352 1474 efficientibus.
1392 1392 1467 1476 His¹

176 1491 306 1583 flores
335 1493 377 1576 in
402 1515 566 1578 corona
588 1482 713 1600 positi
739 1489 1000 1586 innituntur,
1029 1496 1287 1606 monopetali
1311 1559 1323 1594 ‚
1350 1498 1468 1586 semi.

175 1601 420 1699 flosculofi,
452 1595 749 1716 lingulatorum
777 1596 914 1714 figura
938 1600 1118 1697 donati,
1151 1606 1195 1687 in
1224 1629 1466 1698 extremita-

179 1742 222 1808 κ
250 1714 456 1800 indentes
484 1709 612 1804 secli,
639 1705 850 1825 luteique,
879 1707 995 1796 luteo
1028 1739 1203 1831 quoque
1230 1719 1389 1804 leminis
1417 1723 1464 1810 fi⁴

179 1833 365 1918 lamento
406 1822 621 1936 bifidoque
666 1822 806 1906 ornati
849 1887 861 1906 .
911 1821 1088 1910 Infident
1125 1828 1461 1944 embryonibus,

171 1945 247 2066 qni
285 1939 331 2023 in
364 1931 549 2023 stultum
583 1929 742 2020 abeunt
769 1930 919 2021 siccum
944 1967 961 2031 ·‚
1015 1935 1146 2024 oblon
1207 1967 1284 2035 m,
1320 1969 1463 2030 recor.

176 2081 309 2145 vum,
332 2044 657 2134 membranaceis
685 2041 757 2129 alis
785 2045 1027 2136 instrul'tum
1053 2111 1066 2146 ,
1091 2051 1164 2136 tha
1247 2078 1359 2166 oque
1388 2079 1464 2140 nu-

177 2165 235 2251 do
263 2158 540 2246 adherentem
572 2219 584 2254 ‚
622 2185 645 2241 a
676 2184 767 2275 quo
794 2183 871 2272 per
911 2163 1191 2249 maturitatem
1216 2160 1460 2276 separatur.

178 2278 259 2361 Hic
289 2292 453 2385 apertus
495 2265 687 2356 oblonoo
713 2268 863 2358 semine
892 2265 1014 2360 foetus
1046 2277 1293 2388 reperitur,
1330 2277 1462 2364 utrm.

176 2414 264 2591 due
296 2383 583 2479 acuminato,
621 2337 669 2468 dr
710 2411 883 2470 curvo.
920 2387 1108 2476 Eundem
1143 2379 1341 2503 profesto
1375 2382 1462 2476 fru.⁴

220 2528 289 2586 um
315 2493 366 2580 &
389 2497 538 2621 flores,
567 2495 853 2624 quiindisco
882 2495 1176 2595 collocantur,
1215 2497 1417 2586 baberent
1446 2565 1464 2599 ‚

177 2610 249 2698 nist
275 2609 360 2696 ‘hic
385 2635 412 2690 a
447 2604 750 2720 circumpositis
789 2607 1086 2725 embryonibus
1115 2608 1232 2699 omni
1259 2603 1343 2694 fere
1379 2641 1406 2696 a
1416 2610 1463 2738 li3

178 2743 324 2810 mento
353 2715 567 2824 absumpto
594 2776 618 2812 ,.
651 2713 732 2796 sme
761 2717 1018 2829 perfectione
1047 2719 1358 2808 exsiccaretur.
1400 2727 1457 2808 Hr

176 2857 282 2926 vcro
321 2825 448 2944 florcs
487 2821 623 2938 figura
659 2823 738 2947 &.
749 2827 933 2936 partibus
962 2827 1155 2920 differunt
1182 2833 1232 2922 ab
1275 2838 1459 2920 exterio-

177 2947 290 3034 ribus
321 2969 335 3043 3
366 2961 464 3020 nam
494 2995 508 3031 ,
545 2962 644 3022 cum
666 2957 795 3021 umco
825 2937 1014 3027 constent
1039 2943 1218 3057 petalo,
1248 2945 1300 3032 ad
1326 2937 1460 3030 infim.

179 3049 309 3146 dibuli
352 3065 357 3074 '
396 3049 512 3174 uram
528 3043 841 3147 offormantur,
869 3048 1029 3142 laxiore
1055 3080 1174 3172 parte
1204 3057 1458 3173 lnquinque

181 3191 316 3288 partes
362 3161 469 3256 ech,
498 3187 547 3244 ac
575 3159 707 3256 lutei,
740 3161 890 3282 quibus
918 3168 1025 3253 intus
1053 3171 1265 3256 cobaercnt
1289 3169 1459 3258 stamina

176 3305 325 3373 mutuo
353 3275 399 3359 in
426 3269 570 3360 tubum
597 3297 823 3374 connexa,
861 3277 908 3366 dt
936 3279 1034 3368 exili
1058 3281 1217 3371 sernim's
1246 3279 1354 3366 tubae
1381 3283 1458 3364 cir-

180 3387 434 3508 cumpofita.
644 3397 650 3406 '
1418 3407 1423 3414 ·

236 3509 338 3591 Haec
366 3519 502 3585 autem
527 3491 688 3588 foedunr
715 3496 840 3614 spirat
864 3498 1075 3596 odorem,
1106 3501 1315 3614 putridum
1342 3521 1459 3588 cuca-

189 3649 345 3712 mtrm,
375 3629 448 3698 aut
470 3617 751 3732 ..melopepon'em
776 3607 970 3696 redolens
979 3648 996 3712 ,·
1022 3611 1142 3730 gustu
1170 3631 1305 3700 autem
1321 3643 1460 3704 amara·

182 3727 453 3850 percipitur.
494 3725 664 3812 Nitrum
693 3724 880 3814 continet
918 3721 1019 3810 olco
1048 3725 1301 3829 immixtum3
1337 3745 1458 3826 narn,

177 3847 278 3932 dum
305 3839 359 3926 ad
397 3835 580 3923 candelae
615 3833 827 3928 flammam
851 3837 1091 3926 accenditur
1122 3901 1134 3936 ,
1173 3837 1336 3926 nitrosae
1363 3867 1459 3954 par.

179 3979 240 4048 tes
270 3981 365 4040 curn
389 3955 552 4064 impetu
577 3949 830 4067 prosiliunt.
858 3951 925 4038 Ad
953 3951 1219 4067 aperiendum
1246 3965 1457 4038 commcn-

179 4069 335 4164 datur,
364 4066 415 4153 ὅτ
439 4085 585 4151 contra
617 4065 795 4154 morbos
822 4059 1142 4180 pestilentialer5
1170 4064 1309 4152 succus
1342 4066 1454 4154 eninr

179 4181 393 4269 torciacum
412 4181 585 4302 duarum
612 4177 764 4298 cyatho
794 4197 918 4388 gntus
947 4175 1135 4264 sudorem
1157 4199 1332 4272 movet,
1362 4203 1452 4296 quo

176 4294 353 4410 maligna
375 4296 435 4390 vis
455 4312 657 4409 egeritur.
674 4285 793 4404 „flori
823 4315 867 4380 us
890 4311 1027 4384 tanen
1049 4291 1180 4408 prima
1199 4285 1287 4382 laus
1304 4286 1450 4490 dahtigtr:
