4120 5414
656 289 784 377 '224-
888 226 1681 386 DISS'ERTZlTIO·
1866 374 1882 386 ῃ

592 377 1117 588 mppaesuffiefipicmppartes
1144 365 1255 466 sunt,
1287 386 1402 456 nunc
1429 392 1571 484 pauca
1590 363 1646 454 de
1667 365 1785 485 rpfios
1807 373 1881 466 ni.

647 607 842 695 Abundat
868 597 1081 712 sulphure,
1111 591 1159 679 &
1188 591 1353 688 salibus,
1384 587 1451 678 sed
1477 590 1608 680 salinae
1635 617 1775 712 partes
1805 597 1879 688 sul-

623 719 763 810 hureis
793 712 1014 834 praestant.
1053 707 1205 795 Odore
1232 733 1361 828 grave
1390 701 1481 803 est,
1520 706 1570 792 ὃ(
1596 711 1878 811 medicatum

589 751 737 950 llpore
777 849 913 919 autem
952 821 1270 926 amatiffimum3
1310 816 1421 911 unde
1458 839 1611 913 terrun
1651 821 1874 941 appellavit

593 943 839 1037 Lueretius:

703 1073 756 1141 Et
782 1055 936 1150 veluti,
965 1050 1122 1168 inquit,
1146 1058 1276 1166 pueris
1302 1047 1493 1158 Abstnthia
1520 1073 1625 1136 tetra
1644 1053 1835 1136 medentes

660 1219 664 1228 ·
704 1185 801 1251 Cum
829 1169 922 1246 dare
953 1187 1150 1256 conantur,
1172 1173 1282 1278 prius
1308 1191 1390 1243 oras
1410 1165 1541 1280 pocula
1569 1173 1708 1248 circum

587 1331 594 1344 ·
704 1287 934 1384 cantitarent
962 1279 1092 1358 mellis
1121 1277 1228 1358 dulci
1252 1275 1431 1387 flavoque
1459 1277 1627 1388 liquore.

644 1389 935 1504 ilntiquiffimo
966 1385 1034 1474 usu
1065 1387 1108 1468 in
1134 1413 1178 1469 re
1210 1385 1374 1471 Medica
1418 1385 1721 1500 comprobatur
1748 1383 1870 1499 Abstra

592 1501 745 1601 rhium,
775 1502 823 1584 δε
851 1499 912 1582 his
942 1499 1067 1582 etiam
1093 1495 1240 1584 nostris
1269 1497 1556 1609 temporibus,
1596 1497 1748 1618 quibus
1788 1496 1873 1612 ple·

592 1639 756 1730 runque
784 1608 992 1696 Indiarum
1011 1635 1165 1694 merces
1188 1608 1552 1705 commendantur,
1583 1607 1870 1700 celebritatem

592 1724 776 1810 obtinet.
804 1719 1001 1807 Adversus
1031 1719 1229 1833 plurimos
1258 1719 1428 1808 morbos
1452 1723 1626 1826 utimur,
1654 1722 1698 1804 in
1724 1721 1868 1834 primis

593 1859 753 1932 autem,
784 1833 983 1962 quoniam
1007 1830 1149 1918 salibus
1176 1829 1372 1920 refertum
1398 1831 1477 1930 est,
1504 1832 1719 1948 aperiendi
1737 1829 1869 1919 lacul-

588 1969 677 2032 tate
707 1944 982 2046 nobilitatur3
1024 1943 1121 2030 ideo
1151 1945 1216 2031 ad·
1230 1947 1425 2035 viscerum
1452 1946 1865 2062 praecordiorumque

417 2123 428 2177 .
594 2054 799 2154 infartus,
839 2053 966 2140 &ad
1008 2059 1274 2178 quascunque
1315 2055 1447 2146 febres
1485 2061 1628 2145 efficax
1667 2055 1867 2142 habetur.

590 2167 856 2255 Utiliffimum
886 2189 1022 2253 autem
1049 2171 1283 2259 ventriculo
1313 2170 1536 2270 imbecilli,
1556 2169 1633 2261 -vel
1663 2165 1867 2256 cruditate

592 2277 834 2366 laboranti.
861 2285 1028 2377 Semen,
1056 2280 1308 2397 &capitula
1337 2284 1598 2398 peculiariter
1624 2279 1866 2400 hydropicis

588 2391 739 2480 dantur
766 2412 873 2504 potu
900 2419 954 2478 ex
980 2394 1083 2480 vino
1111 2393 1239 2492 albo,
1261 2397 1360 2482 item
1378 2395 1488 2480 malo
1516 2393 1660 2480 habitu
1685 2391 1867 2478 tentatis.

586 2502 722 2612 ¹Sales,
749 2505 824 2617 qui
856 2505 967 2618 apud
994 2507 1231 2620 Jatropolas
1251 2506 1458 2621 prostant,
1486 2501 1514 2588 st
1541 2505 1620 2588 rite
1644 2501 1867 2586 extrahan-

589 2635 690 2712 tur,
730 2614 777 2699 &
808 2641 861 2700 ex
888 2614 1042 2702 selestis
1075 2617 1291 2729 partibus,
1330 2618 1382 2703 ad
1411 2641 1561 2735 aquam
1588 2617 1694 2699 inter
1723 2633 1867 2704 cutem

588 2724 777 2816 utiliores
798 2728 906 2815 sunt.
936 2731 1052 2814 ldem
1077 2729 1237 2844 psallat
1258 2731 1443 2843 Abfintbii
1461 2729 1714 2825 extrarium,
1743 2727 1866 2843 quod

585 2837 824 2957 ‚Veslingius
853 2866 956 2930 unus
985 2869 1040 2926 ex
1055 2843 1388 2931 anteeess‘otibus
1417 2842 1519 2930 meis
1543 2839 1730 2929 adversus
1752 2849 1865 2922 mora

589 2947 689 3040 bum
716 2951 996 3068 hydropicum
1023 2957 1246 3064 commode
1274 2957 1312 3043 se
1342 2953 1567 3042 adhibuili'e
1595 2981 1650 3038 err
1677 2951 1764 3038 hoe
1802 2945 1863 3034 lo-

588 3091 645 3146 co
672 3063 719 3146 se
749 3091 811 3150 rus
840 3063 1004 3153 testatus
1033 3067 1111 3163 est,
1139 3066 1322 3189 utapud
1352 3073 1503 3175 Rajum
1531 3061 1763 3160 Vescinus,
1789 3053 1863 3180 qul

421 3233 425 3244 ·
585 3168 668 3260 fine
736 3172 893 3293 eslingii
922 3177 1106 3274 auditor,
1135 3202 1345 3301 memoriae
1374 3172 1580 3290 prodidit.

588 3341 594 3356 ·
646 3285 844 3401 Carpitur
904 3289 989 3377 uod
1018 3288 1061 3370 in
1089 3283 1263 3376 collibus
1323 3289 1500 3405 ignitur,
1529 3285 1777 3416 apricisque,
1808 3317 1862 3376 ae

585 3397 738 3590 pejurus
766 3313 990 3506 traiillsusr
1015 3399 1058 3484 in
1086 3399 1220 3502 hortis
1248 3313 1427 3497 cultum,
1458 3419 1528 3484 aut
1558 3399 1778 3522 pinguibus
1806 3395 1867 3488 fe·

606 3508 813 3630 icibusque
842 3511 1016 3602 insidens
1047 3513 1244 3602 infirmius
1273 3511 1350 3609 est,
1381 3507 1570 3600 celeriter
1589 3535 1864 3626 praetereacaa

588 3619 695 3708 siem
721 3626 860 3728 sentit,
890 3625 939 3714 &
965 3625 1083 3715 litum
1111 3623 1346 3722 contrahit,
1375 3621 1558 3739 ideoque
1587 3623 1638 3711 ab
1668 3624 1737 3712 usu
1763 3628 1861 3737 teil

589 3733 917 3934 citurstefftur
943 3761 1083 3826 autem
1110 3765 1205 3825 etun
1230 3722 1405 3822 llotibus
1435 3735 1665 3846 tepentibus
1693 3733 1866 3836 diebus,

588 3839 639 3928 δι
665 3842 734 3931 sub
762 3868 803 3931 te
847 3875 876 3932 o
908 3847 1047 3938 sensam
1074 3845 1319 3938 exsiccantur
1344 3847 1583 3964 reponitur.
1610 3848 1863 3962 Reponendi

588 3974 730 4041 autem
756 3987 805 4043 ea
831 3957 995 4048 videtur
1022 3960 1339 4074 opportunitas,
1368 3987 1466 4052 cum
1494 3961 1630 4050 caulos
1660 3961 1709 4048 δι
1735 3961 1863 4060 rami,
2018 3969 2023 3978 '

591 4066 752 4154 cortice
779 4096 868 4155 non
895 4065 1163 4169 lentelbente,
1189 4069 1435 4192 franguntur
1464 4061 1629 4164 inflexi.
1656 4073 1787 4182 Quod
1804 4071 1864 4160 de

592 4180 785 4281 omnibus
813 4180 899 4270 aliis
959 4182 1078 4270 lantis
1107 4183 1392 4302 precipimus.
1831 4211 1836 4222 ·

642 4287 834 4406 &lterum
859 4297 1095 4414 abruliam
1121 4299 1166 4384 in
1191 4297 1409 4394 ruderibus
1434 4299 1610 4398 nascitur
1637 4296 1865 4422 nomam}

650 4465 707 4475 --
1652 4475 1662 4492 ·
1736 4437 1810 4530 ra:
