4130 5424
282 263 913 386 nrssrararro
960 269 1328 392 rarrrn.
1370 315 1425 393 41

219 391 295 482 isus
320 396 394 482 diu
414 393 634 511 degendo,
657 388 767 476 hanc
796 386 1190 515 (quantulacunque
1214 397 1302 509 est)
1334 400 1495 514 planta..

215 526 311 593 'rum
331 534 384 594 co
417 509 619 591 nitionem
639 501 778 616 adepti
808 500 938 593 sumus
960 535 974 608 3
1020 503 1163 620 illique
1199 508 1349 604 debere
1374 515 1496 628 perli-

220 615 365 704 benter
384 531 588 707 saternur.
616 617 797 709 Verum,
824 613 903 704 five
926 618 1024 731 quia
1043 617 1154 716 nulla
1174 621 1232 706 cst
1259 623 1494 739 disciplina,

220 729 291 817 au't
313 757 410 840 ars,
450 757 544 850 quae
564 725 685 836 unius
705 746 864 814 tantum
896 727 1066 844 ingenio
1094 729 1140 817 srt
1160 731 1372 835 absoluta,
1410 735 1493 826 sive

218 843 318 957 quia
341 863 457 930 tanta
477 839 535 926 cst
557 841 599 923 in
621 838 684 924 his
708 837 829 925 rebus
852 837 1101 940 obscuritas,
1129 865 1216 930 turn
1230 868 1402 961 propter
1431 852 1493 934 in..

216 951 454 1041 credibilem
474 955 486 1036 i
519 949 647 1040 sarum
665 947 996 1050 multitudinem,
1026 973 1114 1041 tum
1136 956 1256 1039 etiarn
1272 957 1497 1074 quodplu-'

212 979 675 1165 ri'rnis'‘difficuliatibum⁸
701 1064 746 1150 δὲ
768 1057 1086 1178 discrepantitun
1096 1068 1488 1160 Botanicorumsen.

214 1179 355 1264 tentiis
378 1174 672 1291 implicantur,
699 1172 900 1268 nonnulla
932 1178 978 1260 in
998 1182 1082 1287 ejus
1107 1175 1311 1262 methodo
1341 1181 1490 1294 depre-

210 1287 450 1378 henduntur
480 1351 494 1386 ,
521 1283 1021 1407 quaepaulo'diligentius
1043 1284 1234 1402 disponi,
1273 1289 1322 1376 δε
1344 1288 1495 1410 signifi.¹

210 1405 370 1489 cantius
391 1400 588 1525 explicati
607 1397 865 1486 desiderant.
902 1397 1034 1506 Quod
1058 1397 1178 1484 nobis
1214 1402 1379 1489 minime
1412 1406 1489 1491 mi„

211 1539 305 1602 rum
326 1511 456 1601 videri
478 1510 627 1605 debet,
656 1505 684 1593 si
709 1507 822 1592 redte
841 1508 1093 1604 attendatur·
1116 1510 1354 1598 immortalis
1373 1515 1478 1626 tViri

208 1620 425 1714 illudtam
440 1620 669 1716 adiuosmm
698 1617 744 1706 &
770 1616 923 1706 assiduis
947 1620 1345 1739 peregrinationibus
1356 1632 1488 1744 agita-

79 1733 81 1736 ’
209 1753 299 1828 tum
323 1732 490 1823 vivendi
512 1757 676 1852 genus,
704 1729 748 1814 in
769 1757 859 1852 quo
877 1730 944 1823 vel
964 1733 1006 1818 id
1034 1731 1251 1822 mirificum
1283 1730 1396 1824 fuisse
1424 1735 1484 1826 sa.

210 1846 379 1933 tendum
397 1843 474 1944 est,
504 1845 625 1968 quod
647 1841 781 1937 horno
805 1844 849 1938 in
871 1848 1004 1958 prima
1022 1844 1104 1974 ipsa
1134 1844 1331 1950 virilitate
1358 1849 1480 1939 nobis

208 1979 432 2072 praereptus
454 1954 758 2074 tammult'a,·&
778 1954 872 2052 talia
895 1980 1132 2078 excogitare
1152 1956 1288 2058 solus,
1316 1961 1488 2076 procla*¹

208 2095 261 2152 ro
283 2071 427 2160 ordine
450 2067 691 2186 disponere,
720 2069 770 2156 ὅ(
789 2067 972 2188 denique
993 2071 1162 2186 posteris
1186 2071 1381 2160 mandare
1403 2102 1484 2190 po·
1538 2171 1542 2178 ,

207 2181 335 2266 tuerit
358 2187 520 2294 ¹ane'
541 2181 711 2301 quidem
729 2208 891 2276 mecum
912 2182 1056 2272 assidue
1078 2181 1281 2272 versando
1303 2247 1316 2284 ,
1354 2184 1401 2272 &
1428 2217 1479 2274 ea

208 2319 309 2408 quae
333 2291 515 2408 praestitit
537 2299 548 2392 ',
586 2293 634 2380 &
661 2293 910 2408 praestiturus¹
929 2317 1050 2401 erat,
1080 2296 1221 2400 animo
1251 2295 1476 2396 intuendo,

206 2423 294 2491 tam
313 2408 580 2494 inmaturum·
602 2413 688 2520 ejus
724 2405 886 2500 obitum
917 2432 1006 2490 non
1026 2405 1168 2492 dolere
1196 2431 1287 2492 non
1317 2407 1478 2522 possum

202 2536 304 2604 tum·
317 2515 482 2632 publica
503 2519 802 2615 &conununh
832 2541 921 2608 tum
940 2519 1020 2609 mci
1043 2545 1217 2635 quoque
1237 2514 1356 2713 ipsius
1381 2549 1479 2609 cau-

201 2627 266 2724 sa,
281 2634 368 2746 ,qui
390 2627 443 2713 de
464 2632 534 2730 iis,
561 2659 654 2748 quae
677 2631 721 2714 in
743 2638 828 2742 ejus
848 2653 1116 2724 monumenta
1132 2632 1242 2746 irrep
1259 2624 1323 2716 use
1335 2628 1474 2730 video,

202 2737 394 2828 libentius
416 2744 546 2828 amice
569 2742 625 2829 ab¹
641 2739 793 2828 eodem
803 2739 1037 2862 quaestt'urus
1057 2739 1231 2841 fuissem,
1259 2768 1475 2866 quaenunc

199 2847 325 2938 uobis
347 2877 427 2965 pro
448 2855 593 2938 'officio
614 2851 798 2942 indicare
820 2879 956 2970 cogor
978 2913 990 2951 ,
1029 2857 1176 2972 nequis
1207 2853 1265 2944 ob
1285 2879 1478 2974 magnam

187 2960 345 3050 'summi
366 2963 854 3052 uotaniciauttoritatem
862 2965 906 3046 in
921 2993 1104 3057 errorem
1114 2965 1318 3058 trahatur.
1339 2963 1473 3076 Quod

199 3073 400 3192 quidem,
427 3076 526 3163 dum
548 3077 674 3167 totius
704 3076 918 3168 Botanices
950 3071 1215 3167 fundamenta
1278 3106 1471 3178 ercurro,

198 3213 257 3271 ex
284 3210 399 3300 parte
419 3189 506 3274 hoc
527 3207 713 3301 tempore
734 3185 960 3300 praestub0,·
988 3188 1157 3309 reliquis
1176 3110 1317 3280 diedus
1341 3190 1474 3277 subin-

198 3296 277 3392 de,
307 3321 354 3385 ut
377 3301 430 3386 de
454 3299 502 3384 iis
531 3301 609 3385 erit
627 3299 785 3396 sermo,
814 3299 855 3384 in
887 3301 1034 3417 quibus
1056 3303 1235 3392 audtoris
1256 3301 1471 3418 diligentia

198 3406 415 3496 desiderari
439 3409 598 3524 potest,
626 3412 746 3501 vobis
770 3414 969 3526 aperiam.
998 3419 1105 3523 Quae
1127 3415 1288 3500 veroin
1302 3411 1472 3495 hodier-

194 3546 256 3605 na
277 3518 551 3609 dissertatione
569 3523 670 3612 mihi
692 3521 978 3639 peruastanda
996 3548 1219 3637 propono,
1247 3522 1335 3608 haec
1355 3520 1467 3608 sunt:

198 3632 380 3745 primurn
404 3632 801 3728 Toumesortianum
822 3637 1035 3731 ordinem,
1063 3659 1151 3762 quo
1175 3632 1308 3722 clades
1322 3631 1469 3721 consti-

197 3763 326 3842 tutae,
354 3747 401 3832 δε
412 3771 575 3946 ἔοικα
596 3747 750 3868 digesta
772 3750 886 3848 lunt,
901 3749 1055 3861 ‚paucis
1076 3744 1290 3833 indicabot
1320 3745 1469 3834 deinde

196 3855 379 3946 nostram
442 3889 465 3944 e
497 3857 700 3953 methodo
722 3860 959 3956 sententiam
990 3860 1033 3942 in
1061 3856 1242 3946 medium
1271 3855 1464 3948 afferam:

191 3965 288 4054 tuin
309 3993 452 4058 autern·
467 3981 585 4059 cur'a
610 3970 809 4088 praeclaro
832 3977 927 4064 vir'o
947 3970 990 4053 in
1008 3967 1215 4070 nonnullis
1239 3968 1366 4058 disere
1399 3997 1467 4054 are

193 4106 396 4196 cogamur
406 4119 426 4181 ,·
445 4087 498 4170 de
519 4075 636 4174 sloris
661 4087 853 4183 ratione,
879 4108 925 4179 ut
946 4081 997 4167 ad
1031 4087 1274 4171 Botanicurn
1293 4001 1467 4194 spedats

192 4192 323 4277 tertio
347 4189 447 4282 loco
479 4196 608 4286 verba
628 4194 823 4289 facientes
846 4255 858 4294 ‚
884 4194 1194 4290 subirestemus:
1237 4192 1466 4288 novissime,

198 4302 316 4424 mhi
338 4325 422 4428 tam
444 4305 636 4432 spectate
668 4307 819 4432 indolis
850 4317 1022 4423 juvenes
1044 4308 1196 4412 ,eirca
1221 4306 1310 4396 haec
1338 4306 1469 4504 ppima

285 4487 291 4496 .
1305 4447 1355 4510 tu
1383 4443 1413 4502 r-
