<?xml version="1.0" encoding="UTF-8"?>
<!DOCTYPE html PUBLIC "-//W3C//DTD XHTML 1.0 Transitional//EN"
    "http://www.w3.org/TR/xhtml1/DTD/xhtml1-transitional.dtd">
<html xmlns="http://www.w3.org/1999/xhtml" xml:lang="en" lang="en">
 <head>
  <title>
</title>
<meta http-equiv="Content-Type" content="text/html;charset=utf-8" />
  <meta name='ocr-system' content='tesseract 3.04.00' />
  <meta name='ocr-capabilities' content='ocr_page ocr_carea ocr_par ocr_line ocrx_word'/>
</head>
<body>
  <div class='ocr_page' id='page_1' title='image "./juliipontederae00manfgoog_0287.png"; bbox 0 0 4120 5414; ppageno 0'>
   <div class='ocr_carea' id='block_1_1' title="bbox 602 223 1895 828">
    <p class='ocr_par' dir='ltr' id='par_1_1' title="bbox 602 223 1737 487">
     <span class='ocr_line' id='line_1_1' title="bbox 602 223 1737 487; baseline -0.021 -27"><span class='ocrx_word' id='word_1_1' title='bbox 602 267 813 462; x_wconf 55' lang='lat' dir='ltr'>tabificis</span> <span class='ocrx_word' id='word_1_2' title='bbox 847 223 1385 454; x_wconf 32' lang='lat' dir='ltr'>&#39;aomAllZlililislqcoinelinaq</span> <span class='ocrx_word' id='word_1_3' title='bbox 1417 233 1465 327; x_wconf 70' lang='lat' dir='ltr'><strong><em>G</em></strong></span> <span class='ocrx_word' id='word_1_4' title='bbox 1492 235 1524 323; x_wconf 66' lang='lat' dir='ltr'><em>I</em></span> <span class='ocrx_word' id='word_1_5' title='bbox 1548 229 1664 322; x_wconf 79' lang='lat' dir='ltr'>AE&#39;-</span> <span class='ocrx_word' id='word_1_6' title='bbox 1727 467 1737 487; x_wconf 27' lang='grc' dir='ltr'>ι</span> 
     </span>
    </p>

    <p class='ocr_par' dir='ltr' id='par_1_2' title="bbox 602 393 1895 828">
     <span class='ocr_line' id='line_1_2' title="bbox 659 393 1895 596; baseline -0.011 -29"><span class='ocrx_word' id='word_1_7' title='bbox 659 488 757 569; x_wconf 88' lang='lat' dir='ltr'>Haec</span> <span class='ocrx_word' id='word_1_8' title='bbox 776 480 818 563; x_wconf 89' lang='lat' dir='ltr'>in</span> <span class='ocrx_word' id='word_1_9' title='bbox 831 393 1046 594; x_wconf 78' lang='lat' dir='ltr'>iubalpinis</span> <span class='ocrx_word' id='word_1_10' title='bbox 1070 467 1255 597; x_wconf 82' lang='lat' dir='ltr'>pratis&amp;</span> <span class='ocrx_word' id='word_1_11' title='bbox 1275 466 1554 596; x_wconf 64' lang='lat' dir='ltr'>sepenumero</span> <span class='ocrx_word' id='word_1_12' title='bbox 1576 485 1702 554; x_wconf 84' lang='lat' dir='ltr'>ettam</span> <span class='ocrx_word' id='word_1_13' title='bbox 1721 493 1765 554; x_wconf 79' lang='lat' dir='ltr'>ut</span> <span class='ocrx_word' id='word_1_14' title='bbox 1782 499 1895 566; x_wconf 72' lang='lat' dir='ltr'>cam.</span> 
     </span>
     <span class='ocr_line' id='line_1_3' title="bbox 602 577 1893 714; baseline -0.005 -36"><span class='ocrx_word' id='word_1_15' title='bbox 602 594 802 708; x_wconf 86' lang='lat' dir='ltr'>pestribus</span> <span class='ocrx_word' id='word_1_16' title='bbox 827 591 1000 676; x_wconf 81' lang='lat' dir='ltr'>nascitur</span> <span class='ocrx_word' id='word_1_17' title='bbox 1023 653 1034 688; x_wconf 89' lang='lat'>,</span> <span class='ocrx_word' id='word_1_18' title='bbox 1070 583 1295 714; x_wconf 80' lang='lat' dir='ltr'>exquibus</span> <span class='ocrx_word' id='word_1_19' title='bbox 1318 611 1359 666; x_wconf 91' lang='lat' dir='ltr'>m</span> <span class='ocrx_word' id='word_1_20' title='bbox 1395 587 1578 668; x_wconf 87' lang='lat' dir='ltr'>Hortum</span> <span class='ocrx_word' id='word_1_21' title='bbox 1601 577 1797 674; x_wconf 86' lang='lat' dir='ltr'>translata</span> <span class='ocrx_word' id='word_1_22' title='bbox 1819 613 1893 680; x_wconf 74' lang='lat' dir='ltr'>ata-</span> 
     </span>
     <span class='ocr_line' id='line_1_4' title="bbox 602 687 1803 828; baseline -0.011 -35"><span class='ocrx_word' id='word_1_23' title='bbox 602 731 663 818; x_wconf 81' lang='lat' dir='ltr'>no</span> <span class='ocrx_word' id='word_1_24' title='bbox 687 706 878 828; x_wconf 78' lang='lat' dir='ltr'>proxime</span> <span class='ocrx_word' id='word_1_25' title='bbox 900 699 1036 820; x_wconf 83' lang='lat' dir='ltr'>elapso</span> <span class='ocrx_word' id='word_1_26' title='bbox 1054 698 1225 816; x_wconf 82' lang='lat' dir='ltr'>pubhce</span> <span class='ocrx_word' id='word_1_27' title='bbox 1244 727 1275 800; x_wconf 85' lang='lat' dir='ltr'>a¹</span> <span class='ocrx_word' id='word_1_28' title='bbox 1289 693 1413 784; x_wconf 86' lang='lat' dir='ltr'>nobis</span> <span class='ocrx_word' id='word_1_29' title='bbox 1431 687 1593 808; x_wconf 68' lang='lat' dir='ltr'>¹ostensa</span> <span class='ocrx_word' id='word_1_30' title='bbox 1615 690 1716 800; x_wconf 80' lang='lat' dir='ltr'>est.¹</span> <span class='ocrx_word' id='word_1_31' title='bbox 1798 792 1803 801; x_wconf 41' lang='grc'><em>,</em></span> 
     </span>
    </p>
   </div>
   <div class='ocr_carea' id='block_1_2' title="bbox 991 981 1508 1130">
    <p class='ocr_par' dir='ltr' id='par_1_3' title="bbox 991 981 1639 1130">
     <span class='ocr_line' id='line_1_5' title="bbox 991 981 1508 1130; baseline -0.008 -60"><span class='ocrx_word' id='word_1_32' title='bbox 991 981 1508 1130; x_wconf 61' lang='lat' dir='ltr'>cenoman.</span> 
     </span>
    </p>
   </div>
   <div class='ocr_carea' id='block_1_3' title="bbox 618 1225 1850 1458">
    <p class='ocr_par' dir='ltr' id='par_1_4' title="bbox 618 1225 1850 1458">
     <span class='ocr_line' id='line_1_6' title="bbox 618 1225 1850 1344; baseline -0.006 -22"><span class='ocrx_word' id='word_1_33' title='bbox 618 1293 624 1300; x_wconf 94' lang='lat'>·</span> <span class='ocrx_word' id='word_1_34' title='bbox 655 1251 717 1325; x_wconf 83' lang='lat' dir='ltr'>De</span> <span class='ocrx_word' id='word_1_35' title='bbox 744 1237 856 1320; x_wconf 79' lang='lat' dir='ltr'>rnre</span> <span class='ocrx_word' id='word_1_36' title='bbox 884 1230 1118 1344; x_wconf 77' lang='lat' dir='ltr'>Manapctalc</span> <span class='ocrx_word' id='word_1_37' title='bbox 1145 1226 1301 1310; x_wconf 82' lang='lat' dir='ltr'><em>Labiacc</em></span> <span class='ocrx_word' id='word_1_38' title='bbox 1325 1285 1337 1323; x_wconf 91' lang='lat'><strong><em>,</em></strong></span> <span class='ocrx_word' id='word_1_39' title='bbox 1363 1237 1467 1338; x_wconf 73' lang='lat' dir='ltr'>cujus</span> <span class='ocrx_word' id='word_1_40' title='bbox 1490 1225 1633 1314; x_wconf 71' lang='lat' dir='ltr'>labium</span> <span class='ocrx_word' id='word_1_41' title='bbox 1649 1227 1850 1344; x_wconf 67' lang='lat' dir='ltr'>fipetitcs.</span> 
     </span>
     <span class='ocr_line' id='line_1_7' title="bbox 936 1340 1545 1458; baseline -0.003 -32"><span class='ocrx_word' id='word_1_42' title='bbox 936 1345 1051 1458; x_wconf 83' lang='lat' dir='ltr'>instat</span> <span class='ocrx_word' id='word_1_43' title='bbox 1077 1340 1277 1430; x_wconf 77' lang='lat' dir='ltr'>cochleatis</span> <span class='ocrx_word' id='word_1_44' title='bbox 1312 1363 1545 1424; x_wconf 75' lang='lat' dir='ltr'><em>excavatur.</em></span> 
     </span>
    </p>
   </div>
   <div class='ocr_carea' id='block_1_4' title="bbox 520 1579 1895 4480">
    <p class='ocr_par' dir='ltr' id='par_1_5' title="bbox 655 1579 1893 1818">
     <span class='ocr_line' id='line_1_8' title="bbox 655 1579 1893 1704; baseline -0.001 -28"><span class='ocrx_word' id='word_1_45' title='bbox 655 1592 761 1676; x_wconf 88' lang='lat' dir='ltr'>Ntet</span> <span class='ocrx_word' id='word_1_46' title='bbox 791 1585 946 1704; x_wconf 76' lang='lat' dir='ltr'>plantas</span> <span class='ocrx_word' id='word_1_47' title='bbox 975 1579 1127 1672; x_wconf 83' lang='lat' dir='ltr'>liorem</span> <span class='ocrx_word' id='word_1_48' title='bbox 1154 1583 1352 1674; x_wconf 87' lang='lat' dir='ltr'>labiatum</span> <span class='ocrx_word' id='word_1_49' title='bbox 1382 1583 1600 1700; x_wconf 77' lang='lat' dir='ltr'>gignentes</span> <span class='ocrx_word' id='word_1_50' title='bbox 1630 1580 1758 1670; x_wconf 80' lang='lat' dir='ltr'>multa</span> <span class='ocrx_word' id='word_1_51' title='bbox 1790 1585 1893 1674; x_wconf 62' lang='lat' dir='ltr'>iane*</span> 
     </span>
     <span class='ocr_line' id='line_1_9' title="bbox 682 1693 1882 1818; baseline -0.001 -33"><span class='ocrx_word' id='word_1_52' title='bbox 682 1727 836 1816; x_wconf 87' lang='lat' dir='ltr'>genera</span> <span class='ocrx_word' id='word_1_53' title='bbox 863 1700 1151 1813; x_wconf 85' lang='lat' dir='ltr'>reperiuntur,</span> <span class='ocrx_word' id='word_1_54' title='bbox 1183 1725 1276 1818; x_wconf 73' lang='lat' dir='ltr'>qua</span> <span class='ocrx_word' id='word_1_55' title='bbox 1305 1695 1457 1784; x_wconf 85' lang='lat' dir='ltr'>labium</span> <span class='ocrx_word' id='word_1_56' title='bbox 1485 1693 1603 1782; x_wconf 86' lang='lat' dir='ltr'>floris</span> <span class='ocrx_word' id='word_1_57' title='bbox 1636 1693 1815 1808; x_wconf 84' lang='lat' dir='ltr'>superius</span> <span class='ocrx_word' id='word_1_58' title='bbox 1838 1699 1882 1784; x_wconf 90' lang='lat' dir='ltr'>in</span> 
     </span>
    </p>

    <p class='ocr_par' dir='ltr' id='par_1_6' title="bbox 598 1804 1884 2126">
     <span class='ocr_line' id='line_1_10' title="bbox 602 1804 1884 1924; baseline -0.012 -27"><span class='ocrx_word' id='word_1_59' title='bbox 602 1813 830 1898; x_wconf 82' lang='lat' dir='ltr'>cochlearis</span> <span class='ocrx_word' id='word_1_60' title='bbox 852 1806 1028 1898; x_wconf 86' lang='lat' dir='ltr'>formam</span> <span class='ocrx_word' id='word_1_61' title='bbox 1047 1835 1264 1900; x_wconf 86' lang='lat' dir='ltr'>curvatum</span> <span class='ocrx_word' id='word_1_62' title='bbox 1285 1806 1448 1894; x_wconf 86' lang='lat' dir='ltr'>ferunt.</span> <span class='ocrx_word' id='word_1_63' title='bbox 1469 1804 1709 1924; x_wconf 78' lang='lat' dir='ltr'>Hujufinodi</span> <span class='ocrx_word' id='word_1_64' title='bbox 1729 1808 1787 1892; x_wconf 89' lang='lat' dir='ltr'>est</span> <span class='ocrx_word' id='word_1_65' title='bbox 1807 1824 1884 1892; x_wconf 84' lang='lat' dir='ltr'>Ga.</span> 
     </span>
     <span class='ocr_line' id='line_1_11' title="bbox 599 1919 1881 2040; baseline 0.001 -35"><span class='ocrx_word' id='word_1_66' title='bbox 599 1927 725 2040; x_wconf 79' lang='lat' dir='ltr'>icapfis</span> <span class='ocrx_word' id='word_1_67' title='bbox 747 1954 769 2008; x_wconf 85' lang='lat' dir='ltr'>a</span> <span class='ocrx_word' id='word_1_68' title='bbox 794 1922 927 2038; x_wconf 84' lang='lat' dir='ltr'><strong>priscis</strong></span> <span class='ocrx_word' id='word_1_69' title='bbox 952 1925 1000 2010; x_wconf 69' lang='grc' dir='ltr'>δι</span> <span class='ocrx_word' id='word_1_70' title='bbox 1019 1923 1224 2012; x_wconf 87' lang='lat' dir='ltr'>veteribus</span> <span class='ocrx_word' id='word_1_71' title='bbox 1250 1920 1504 2010; x_wconf 88' lang='lat' dir='ltr'>celebratum</span> <span class='ocrx_word' id='word_1_72' title='bbox 1522 1948 1650 2037; x_wconf 87' lang='lat' dir='ltr'>genus</span> <span class='ocrx_word' id='word_1_73' title='bbox 1674 1982 1687 2017; x_wconf 86' lang='lat'>‚</span> <span class='ocrx_word' id='word_1_74' title='bbox 1715 1919 1881 2038; x_wconf 87' lang='lat' dir='ltr'>quoad</span> 
     </span>
     <span class='ocr_line' id='line_1_12' title="bbox 598 2030 1646 2126; baseline -0.009 0"><span class='ocrx_word' id='word_1_75' title='bbox 598 2032 708 2126; x_wconf 84' lang='lat' dir='ltr'>hanc</span> <span class='ocrx_word' id='word_1_76' title='bbox 731 2030 846 2120; x_wconf 84' lang='lat' dir='ltr'>floris</span> <span class='ocrx_word' id='word_1_77' title='bbox 865 2031 1134 2120; x_wconf 89' lang='lat' dir='ltr'>differentiam</span> <span class='ocrx_word' id='word_1_78' title='bbox 1153 2034 1444 2121; x_wconf 87' lang='lat' dir='ltr'>ostendendam</span> <span class='ocrx_word' id='word_1_79' title='bbox 1463 2057 1646 2120; x_wconf 88' lang='lat' dir='ltr'>utamur.</span> 
     </span>
    </p>

    <p class='ocr_par' dir='ltr' id='par_1_7' title="bbox 593 2145 1895 2932">
     <span class='ocr_line' id='line_1_13' title="bbox 655 2145 1880 2264; baseline 0 -34"><span class='ocrx_word' id='word_1_80' title='bbox 655 2149 831 2260; x_wconf 76' lang='lat' dir='ltr'>Galcapsss</span> <span class='ocrx_word' id='word_1_81' title='bbox 852 2157 978 2260; x_wconf 82' lang='lat' dir='ltr'>itaque</span> <span class='ocrx_word' id='word_1_82' title='bbox 990 2150 1110 2264; x_wconf 80' lang='lat' dir='ltr'>stares</span> <span class='ocrx_word' id='word_1_83' title='bbox 1131 2152 1375 2261; x_wconf 85' lang='lat' dir='ltr'>mantpttalts</span> <span class='ocrx_word' id='word_1_84' title='bbox 1406 2145 1452 2240; x_wconf 65' lang='grc' dir='ltr'>ὀ·</span> <span class='ocrx_word' id='word_1_85' title='bbox 1472 2149 1632 2231; x_wconf 84' lang='lat' dir='ltr'>labiatas</span> <span class='ocrx_word' id='word_1_86' title='bbox 1645 2153 1805 2261; x_wconf 80' lang='lat' dir='ltr'><em>gignit,</em></span> <span class='ocrx_word' id='word_1_87' title='bbox 1834 2153 1880 2230; x_wconf 80' lang='lat' dir='ltr'>icc</span> 
     </span>
     <span class='ocr_line' id='line_1_14' title="bbox 593 2254 1883 2375; baseline 0.003 -35"><span class='ocrx_word' id='word_1_88' title='bbox 593 2254 692 2341; x_wconf 73' lang='lat' dir='ltr'>‘citas</span> <span class='ocrx_word' id='word_1_89' title='bbox 704 2284 835 2372; x_wconf 81' lang='lat' dir='ltr'>parter</span> <span class='ocrx_word' id='word_1_90' title='bbox 854 2261 1007 2369; x_wconf 70' lang='lat' dir='ltr'>fatias,</span> <span class='ocrx_word' id='word_1_91' title='bbox 1040 2291 1196 2373; x_wconf 78' lang='lat' dir='ltr'>quaram</span> <span class='ocrx_word' id='word_1_92' title='bbox 1226 2292 1299 2344; x_wconf 82' lang='lat' dir='ltr'>aaa</span> <span class='ocrx_word' id='word_1_93' title='bbox 1324 2259 1468 2342; x_wconf 77' lang='lat' dir='ltr'>labium</span> <span class='ocrx_word' id='word_1_94' title='bbox 1487 2263 1664 2375; x_wconf 81' lang='lat' dir='ltr'>ficperias</span> <span class='ocrx_word' id='word_1_95' title='bbox 1694 2261 1883 2374; x_wconf 78' lang='lat' dir='ltr'>appellata</span> 
     </span>
     <span class='ocr_line' id='line_1_15' title="bbox 596 2370 1891 2486; baseline 0 -34"><span class='ocrx_word' id='word_1_96' title='bbox 596 2374 717 2483; x_wconf 77' lang='lat' dir='ltr'>instar</span> <span class='ocrx_word' id='word_1_97' title='bbox 745 2371 945 2454; x_wconf 78' lang='lat' dir='ltr'>cochlearis</span> <span class='ocrx_word' id='word_1_98' title='bbox 978 2370 1224 2486; x_wconf 81' lang='lat' dir='ltr'>efformacur,</span> <span class='ocrx_word' id='word_1_99' title='bbox 1259 2375 1424 2484; x_wconf 72' lang='lat' dir='ltr'>inferior</span> <span class='ocrx_word' id='word_1_100' title='bbox 1447 2399 1574 2455; x_wconf 77' lang='lat' dir='ltr'>catam</span> <span class='ocrx_word' id='word_1_101' title='bbox 1607 2383 1649 2453; x_wconf 86' lang='lat' dir='ltr'>c&#39;n</span> <span class='ocrx_word' id='word_1_102' title='bbox 1678 2396 1760 2454; x_wconf 81' lang='lat' dir='ltr'>tres</span> <span class='ocrx_word' id='word_1_103' title='bbox 1781 2375 1891 2453; x_wconf 65' lang='lat' dir='ltr'>alias*-</span> 
     </span>
     <span class='ocr_line' id='line_1_16' title="bbox 596 2483 1875 2596; baseline 0.002 -34"><span class='ocrx_word' id='word_1_104' title='bbox 596 2483 728 2589; x_wconf 81' lang='lat' dir='ltr'>rarfics</span> <span class='ocrx_word' id='word_1_105' title='bbox 746 2487 977 2579; x_wconf 65' lang='lat' dir='ltr'>dividitor,</span> <span class='ocrx_word' id='word_1_106' title='bbox 1000 2490 1126 2569; x_wconf 83' lang='lat' dir='ltr'>media</span> <span class='ocrx_word' id='word_1_107' title='bbox 1146 2489 1346 2596; x_wconf 80' lang='lat' dir='ltr'>ampliare.</span> <span class='ocrx_word' id='word_1_108' title='bbox 1373 2497 1464 2564; x_wconf 82' lang='lat' dir='ltr'>Pars</span> <span class='ocrx_word' id='word_1_109' title='bbox 1472 2485 1585 2595; x_wconf 77' lang='lat' dir='ltr'>fiatis</span> <span class='ocrx_word' id='word_1_110' title='bbox 1621 2491 1785 2564; x_wconf 81' lang='lat' dir='ltr'>a&#39;acccrc&#39;ar</span> <span class='ocrx_word' id='word_1_111' title='bbox 1793 2486 1875 2593; x_wconf 82' lang='lat' dir='ltr'>sta-</span> 
     </span>
     <span class='ocr_line' id='line_1_17' title="bbox 597 2593 1895 2710; baseline 0 -36"><span class='ocrx_word' id='word_1_112' title='bbox 597 2593 773 2689; x_wconf 80' lang='lat' dir='ltr'><em>minibus,</em></span> <span class='ocrx_word' id='word_1_113' title='bbox 785 2593 958 2710; x_wconf 73' lang='lat' dir='ltr'><em>apicibus,</em></span> <span class='ocrx_word' id='word_1_114' title='bbox 979 2593 1127 2688; x_wconf 74' lang='lat' dir='ltr'>&amp;taba</span> <span class='ocrx_word' id='word_1_115' title='bbox 1149 2600 1321 2706; x_wconf 68' lang='lat' dir='ltr'>lustralia</span> <span class='ocrx_word' id='word_1_116' title='bbox 1330 2619 1485 2708; x_wconf 76' lang='lat' dir='ltr'>quatuor</span> <span class='ocrx_word' id='word_1_117' title='bbox 1504 2594 1714 2703; x_wconf 80' lang='lat' dir='ltr'>ambrytncs</span> <span class='ocrx_word' id='word_1_118' title='bbox 1731 2605 1874 2692; x_wconf 80' lang='lat' dir='ltr'>nutrit,</span> <span class='ocrx_word' id='word_1_119' title='bbox 1884 2611 1895 2624; x_wconf 65' lang='lat'>&#39;⁴</span> 
     </span>
     <span class='ocr_line' id='line_1_18' title="bbox 595 2705 1871 2821; baseline 0.002 -35"><span class='ocrx_word' id='word_1_120' title='bbox 595 2714 667 2816; x_wconf 77' lang='lat' dir='ltr'>qai</span> <span class='ocrx_word' id='word_1_121' title='bbox 688 2715 730 2788; x_wconf 84' lang='lat' dir='ltr'>ia</span> <span class='ocrx_word' id='word_1_122' title='bbox 747 2712 908 2790; x_wconf 85' lang='lat' dir='ltr'>totidem</span> <span class='ocrx_word' id='word_1_123' title='bbox 917 2708 1067 2817; x_wconf 74' lang='lat' dir='ltr'>flemina</span> <span class='ocrx_word' id='word_1_124' title='bbox 1086 2733 1325 2794; x_wconf 77' lang='lat' dir='ltr'>maturantur</span> <span class='ocrx_word' id='word_1_125' title='bbox 1344 2711 1413 2792; x_wconf 82' lang='lat' dir='ltr'>vel</span> <span class='ocrx_word' id='word_1_126' title='bbox 1430 2706 1591 2821; x_wconf 82' lang='lat' dir='ltr'>oblonga,</span> <span class='ocrx_word' id='word_1_127' title='bbox 1612 2707 1681 2786; x_wconf 84' lang='lat' dir='ltr'>vei</span> <span class='ocrx_word' id='word_1_128' title='bbox 1698 2705 1871 2817; x_wconf 78' lang='lat' dir='ltr'>giobofia,</span> 
     </span>
     <span class='ocr_line' id='line_1_19' title="bbox 595 2820 1884 2932; baseline 0.005 -35"><span class='ocrx_word' id='word_1_129' title='bbox 595 2825 638 2899; x_wconf 80' lang='lat' dir='ltr'>ia</span> <span class='ocrx_word' id='word_1_130' title='bbox 658 2824 778 2927; x_wconf 79' lang='lat' dir='ltr'><em>calyce</em></span> <span class='ocrx_word' id='word_1_131' title='bbox 798 2820 1020 2932; x_wconf 78' lang='lat' dir='ltr'>mmophyllo</span> <span class='ocrx_word' id='word_1_132' title='bbox 1040 2835 1236 2906; x_wconf 59' lang='lat' dir='ltr'>contenta:</span> <span class='ocrx_word' id='word_1_133' title='bbox 1879 2875 1884 2884; x_wconf 91' lang='lat'><strong>·</strong></span> 
     </span>
    </p>

    <p class='ocr_par' dir='ltr' id='par_1_8' title="bbox 520 2929 1887 3499">
     <span class='ocr_line' id='line_1_20' title="bbox 651 2929 1874 3064; baseline 0.002 -52"><span class='ocrx_word' id='word_1_134' title='bbox 651 2933 847 3064; x_wconf 77' lang='lat' dir='ltr'>ualeapfim</span> <span class='ocrx_word' id='word_1_135' title='bbox 868 2929 1078 3046; x_wconf 85' lang='lat' dir='ltr'>quandam</span> <span class='ocrx_word' id='word_1_136' title='bbox 1098 2933 1140 3015; x_wconf 86' lang='lat' dir='ltr'>in</span> <span class='ocrx_word' id='word_1_137' title='bbox 1161 2936 1300 3016; x_wconf 84' lang='lat' dir='ltr'>Horto</span> <span class='ocrx_word' id='word_1_138' title='bbox 1324 2931 1424 3020; x_wconf 90' lang='lat' dir='ltr'>colo</span> <span class='ocrx_word' id='word_1_139' title='bbox 1444 2999 1455 3033; x_wconf 90' lang='lat'>‚</span> <span class='ocrx_word' id='word_1_140' title='bbox 1479 2959 1654 3051; x_wconf 87' lang='lat' dir='ltr'>eamque</span> <span class='ocrx_word' id='word_1_141' title='bbox 1677 2930 1874 3032; x_wconf 74' lang='lat' dir='ltr'>auditori-</span> 
     </span>
     <span class='ocr_line' id='line_1_21' title="bbox 594 3038 1873 3162; baseline 0.002 -36"><span class='ocrx_word' id='word_1_142' title='bbox 594 3038 670 3126; x_wconf 85' lang='lat' dir='ltr'>bus</span> <span class='ocrx_word' id='word_1_143' title='bbox 690 3069 788 3128; x_wconf 83' lang='lat' dir='ltr'>mers</span> <span class='ocrx_word' id='word_1_144' title='bbox 815 3041 981 3128; x_wconf 83' lang='lat' dir='ltr'>exhibui</span> <span class='ocrx_word' id='word_1_145' title='bbox 1007 3102 1018 3137; x_wconf 89' lang='lat'>,</span> <span class='ocrx_word' id='word_1_146' title='bbox 1047 3072 1174 3162; x_wconf 88' lang='lat' dir='ltr'>quam</span> <span class='ocrx_word' id='word_1_147' title='bbox 1197 3045 1303 3128; x_wconf 85' lang='lat' dir='ltr'>inter</span> <span class='ocrx_word' id='word_1_148' title='bbox 1323 3047 1382 3130; x_wconf 89' lang='lat' dir='ltr'>rei</span> <span class='ocrx_word' id='word_1_149' title='bbox 1415 3044 1625 3132; x_wconf 89' lang='lat' dir='ltr'>Herbariae</span> <span class='ocrx_word' id='word_1_150' title='bbox 1644 3051 1873 3162; x_wconf 83' lang='lat' dir='ltr'>Scriptores</span> 
     </span>
     <span class='ocr_line' id='line_1_22' title="bbox 520 3153 1887 3260; baseline 0.005 -28"><span class='ocrx_word' id='word_1_151' title='bbox 520 3159 524 3165; x_wconf 83' lang='grc'><strong>’</strong></span> <span class='ocrx_word' id='word_1_152' title='bbox 593 3173 684 3233; x_wconf 87' lang='lat' dir='ltr'>non</span> <span class='ocrx_word' id='word_1_153' title='bbox 707 3175 1070 3240; x_wconf 81' lang='lat' dir='ltr'>commemoratam</span> <span class='ocrx_word' id='word_1_154' title='bbox 1090 3153 1307 3238; x_wconf 83' lang='lat' dir='ltr'>existimo.</span> <span class='ocrx_word' id='word_1_155' title='bbox 1341 3159 1484 3260; x_wconf 85' lang='lat' dir='ltr'>Quare</span> <span class='ocrx_word' id='word_1_156' title='bbox 1504 3158 1573 3241; x_wconf 91' lang='lat' dir='ltr'>hic</span> <span class='ocrx_word' id='word_1_157' title='bbox 1601 3157 1780 3247; x_wconf 87' lang='lat' dir='ltr'>breviter</span> <span class='ocrx_word' id='word_1_158' title='bbox 1805 3153 1887 3240; x_wconf 56' lang='grc' dir='ltr'>ἀμ’</span> 
     </span>
     <span class='ocr_line' id='line_1_23' title="bbox 593 3260 1877 3379; baseline 0.008 -34"><span class='ocrx_word' id='word_1_159' title='bbox 593 3260 786 3362; x_wconf 87' lang='lat' dir='ltr'>scribam,</span> <span class='ocrx_word' id='word_1_160' title='bbox 808 3267 1001 3379; x_wconf 77' lang='lat' dir='ltr'>adjiciens</span> <span class='ocrx_word' id='word_1_161' title='bbox 1023 3264 1223 3352; x_wconf 89' lang='lat' dir='ltr'>nonnulla</span> <span class='ocrx_word' id='word_1_162' title='bbox 1243 3263 1368 3350; x_wconf 88' lang='lat' dir='ltr'>etiam</span> <span class='ocrx_word' id='word_1_163' title='bbox 1386 3267 1441 3351; x_wconf 90' lang='lat' dir='ltr'>de</span> <span class='ocrx_word' id='word_1_164' title='bbox 1461 3262 1579 3379; x_wconf 84' lang='lat' dir='ltr'>ipfius</span> <span class='ocrx_word' id='word_1_165' title='bbox 1602 3262 1736 3356; x_wconf 87' lang='lat' dir='ltr'>fonna</span> <span class='ocrx_word' id='word_1_166' title='bbox 1757 3265 1877 3356; x_wconf 80' lang='lat' dir='ltr'>habi-</span> 
     </span>
     <span class='ocr_line' id='line_1_24' title="bbox 592 3374 1803 3499; baseline 0.001 -36"><span class='ocrx_word' id='word_1_167' title='bbox 592 3395 746 3494; x_wconf 77' lang='lat' dir='ltr'>tuque,</span> <span class='ocrx_word' id='word_1_168' title='bbox 771 3407 859 3499; x_wconf 92' lang='lat' dir='ltr'>quo</span> <span class='ocrx_word' id='word_1_169' title='bbox 880 3374 1036 3468; x_wconf 80' lang='lat' dir='ltr'>facilius</span> <span class='ocrx_word' id='word_1_170' title='bbox 1062 3378 1113 3464; x_wconf 88' lang='lat' dir='ltr'>ab</span> <span class='ocrx_word' id='word_1_171' title='bbox 1136 3403 1313 3494; x_wconf 90' lang='lat' dir='ltr'>unoquo</span> <span class='ocrx_word' id='word_1_172' title='bbox 1350 3405 1401 3464; x_wconf 88' lang='lat' dir='ltr'>ue</span> <span class='ocrx_word' id='word_1_173' title='bbox 1427 3378 1646 3464; x_wconf 85' lang='lat' dir='ltr'>internosci</span> <span class='ocrx_word' id='word_1_174' title='bbox 1669 3379 1803 3493; x_wconf 78' lang='lat' dir='ltr'>possit.</span> 
     </span>
    </p>

    <p class='ocr_par' dir='ltr' id='par_1_9' title="bbox 586 3403 1890 4480">
     <span class='ocr_line' id='line_1_25' title="bbox 607 3403 1889 3620; baseline -0.001 -40"><span class='ocrx_word' id='word_1_175' title='bbox 607 3521 615 3536; x_wconf 83' lang='lat'>··</span> <span class='ocrx_word' id='word_1_176' title='bbox 646 3490 803 3580; x_wconf 87' lang='lat' dir='ltr'>Radice</span> <span class='ocrx_word' id='word_1_177' title='bbox 823 3495 911 3579; x_wconf 79' lang='lat' dir='ltr'>hac</span> <span class='ocrx_word' id='word_1_178' title='bbox 935 3492 1108 3606; x_wconf 86' lang='lat' dir='ltr'>plurima</span> <span class='ocrx_word' id='word_1_179' title='bbox 1128 3494 1275 3620; x_wconf 78' lang='lat' dir='ltr'>surgit,</span> <span class='ocrx_word' id='word_1_180' title='bbox 1296 3403 1463 3588; x_wconf 65' lang='lat' dir='ltr'>liltosa,</span> <span class='ocrx_word' id='word_1_181' title='bbox 1484 3515 1686 3606; x_wconf 84' lang='lat' dir='ltr'>repente,</span> <span class='ocrx_word' id='word_1_182' title='bbox 1711 3509 1889 3607; x_wconf 77' lang='lat' dir='ltr'>exque·</span> 
     </span>
     <span class='ocr_line' id='line_1_26' title="bbox 589 3601 1890 3726; baseline 0 -38"><span class='ocrx_word' id='word_1_183' title='bbox 589 3605 813 3726; x_wconf 87' lang='lat' dir='ltr'>quotannis</span> <span class='ocrx_word' id='word_1_184' title='bbox 843 3604 942 3692; x_wconf 91' lang='lat' dir='ltr'>folia</span> <span class='ocrx_word' id='word_1_185' title='bbox 974 3615 1106 3689; x_wconf 73' lang='lat' dir='ltr'>urtica</span> <span class='ocrx_word' id='word_1_186' title='bbox 1125 3601 1297 3697; x_wconf 79' lang='lat' dir='ltr'>similia,</span> <span class='ocrx_word' id='word_1_187' title='bbox 1330 3604 1398 3690; x_wconf 87' lang='lat' dir='ltr'>sed</span> <span class='ocrx_word' id='word_1_188' title='bbox 1432 3604 1596 3690; x_wconf 86' lang='lat' dir='ltr'>minora</span> <span class='ocrx_word' id='word_1_189' title='bbox 1632 3603 1890 3706; x_wconf 78' lang='lat' dir='ltr'>nascuntur,&#39;</span> 
     </span>
     <span class='ocr_line' id='line_1_27' title="bbox 589 3711 1874 3834; baseline 0.003 -36"><span class='ocrx_word' id='word_1_190' title='bbox 589 3713 693 3798; x_wconf 91' lang='lat' dir='ltr'>villis</span> <span class='ocrx_word' id='word_1_191' title='bbox 716 3715 919 3813; x_wconf 65' lang='lat' dir='ltr'>obdunt,</span> <span class='ocrx_word' id='word_1_192' title='bbox 933 3717 980 3802; x_wconf 90' lang='lat'>&amp;</span> <span class='ocrx_word' id='word_1_193' title='bbox 1002 3711 1149 3808; x_wconf 82' lang='lat' dir='ltr'>villofis</span> <span class='ocrx_word' id='word_1_194' title='bbox 1174 3712 1370 3828; x_wconf 88' lang='lat' dir='ltr'>pediculis</span> <span class='ocrx_word' id='word_1_195' title='bbox 1394 3717 1597 3815; x_wconf 84' lang='lat' dir='ltr'>affixa‚ac</span> <span class='ocrx_word' id='word_1_196' title='bbox 1620 3718 1755 3803; x_wconf 90' lang='lat' dir='ltr'>odore</span> <span class='ocrx_word' id='word_1_197' title='bbox 1777 3743 1874 3834; x_wconf 73' lang='lat' dir='ltr'>gra-</span> 
     </span>
     <span class='ocr_line' id='line_1_28' title="bbox 591 3823 1886 3944; baseline 0.005 -36"><span class='ocrx_word' id='word_1_198' title='bbox 591 3825 683 3908; x_wconf 80' lang='lat' dir='ltr'>via.</span> <span class='ocrx_word' id='word_1_199' title='bbox 704 3826 849 3914; x_wconf 85' lang='lat' dir='ltr'>Caules</span> <span class='ocrx_word' id='word_1_200' title='bbox 873 3827 1008 3941; x_wconf 87' lang='lat' dir='ltr'>plures</span> <span class='ocrx_word' id='word_1_201' title='bbox 1037 3826 1231 3941; x_wconf 87' lang='lat' dir='ltr'>producit</span> <span class='ocrx_word' id='word_1_202' title='bbox 1259 3823 1665 3944; x_wconf 86' lang='lat' dir='ltr'>parallelepipedos,</span> <span class='ocrx_word' id='word_1_203' title='bbox 1697 3827 1886 3932; x_wconf 84' lang='lat' dir='ltr'>rubros,-</span> 
     </span>
     <span class='ocr_line' id='line_1_29' title="bbox 589 3929 1887 4057; baseline -0.002 -36"><span class='ocrx_word' id='word_1_204' title='bbox 589 3929 780 4021; x_wconf 85' lang='lat' dir='ltr'>iimilibus</span> <span class='ocrx_word' id='word_1_205' title='bbox 803 3937 908 4024; x_wconf 87' lang='lat' dir='ltr'>foliis</span> <span class='ocrx_word' id='word_1_206' title='bbox 930 3961 1101 4026; x_wconf 83' lang='lat' dir='ltr'>ornatos</span> <span class='ocrx_word' id='word_1_207' title='bbox 1123 3965 1266 4032; x_wconf 88' lang='lat' dir='ltr'>verum</span> <span class='ocrx_word' id='word_1_208' title='bbox 1288 3939 1516 4028; x_wconf 85' lang='lat' dir='ltr'>minoribus</span> <span class='ocrx_word' id='word_1_209' title='bbox 1543 4002 1555 4042; x_wconf 88' lang='lat'><strong>,</strong></span> <span class='ocrx_word' id='word_1_210' title='bbox 1578 3942 1626 4030; x_wconf 74' lang='grc' dir='ltr'>δε</span> <span class='ocrx_word' id='word_1_211' title='bbox 1645 3971 1721 4057; x_wconf 90' lang='lat' dir='ltr'>per</span> <span class='ocrx_word' id='word_1_212' title='bbox 1746 3945 1887 4026; x_wconf 82' lang='lat' dir='ltr'>inter.-</span> 
     </span>
     <span class='ocr_line' id='line_1_30' title="bbox 589 4043 1887 4142; baseline 0.004 -5"><span class='ocrx_word' id='word_1_213' title='bbox 589 4043 697 4137; x_wconf 82' lang='lat' dir='ltr'>valla</span> <span class='ocrx_word' id='word_1_214' title='bbox 718 4048 820 4136; x_wconf 90' lang='lat' dir='ltr'>binis</span> <span class='ocrx_word' id='word_1_215' title='bbox 852 4053 899 4138; x_wconf 90' lang='lat'>&amp;</span> <span class='ocrx_word' id='word_1_216' title='bbox 923 4047 1026 4138; x_wconf 90' lang='lat' dir='ltr'>binis</span> <span class='ocrx_word' id='word_1_217' title='bbox 1047 4051 1321 4139; x_wconf 85' lang='lat' dir='ltr'>nascentibus.</span> <span class='ocrx_word' id='word_1_218' title='bbox 1341 4058 1404 4138; x_wconf 85' lang='lat' dir='ltr'>Ex</span> <span class='ocrx_word' id='word_1_219' title='bbox 1425 4046 1623 4140; x_wconf 90' lang='lat' dir='ltr'>foliorum</span> <span class='ocrx_word' id='word_1_220' title='bbox 1642 4053 1711 4137; x_wconf 88' lang='lat' dir='ltr'>alis</span> <span class='ocrx_word' id='word_1_221' title='bbox 1732 4066 1887 4142; x_wconf 69' lang='lat' dir='ltr'>tatuit-⁷</span> 
     </span>
     <span class='ocr_line' id='line_1_31' title="bbox 587 4157 1887 4279; baseline 0.006 -37"><span class='ocrx_word' id='word_1_222' title='bbox 587 4157 618 4242; x_wconf 93' lang='lat' dir='ltr'>li</span> <span class='ocrx_word' id='word_1_223' title='bbox 637 4185 823 4262; x_wconf 84' lang='lat' dir='ltr'>exeunt,</span> <span class='ocrx_word' id='word_1_224' title='bbox 843 4165 887 4248; x_wconf 89' lang='lat' dir='ltr'>in</span> <span class='ocrx_word' id='word_1_225' title='bbox 941 4165 1057 4256; x_wconf 89' lang='lat' dir='ltr'>uibus</span> <span class='ocrx_word' id='word_1_226' title='bbox 1079 4163 1343 4277; x_wconf 83' lang='lat' dir='ltr'>explicantur</span> <span class='ocrx_word' id='word_1_227' title='bbox 1372 4169 1494 4249; x_wconf 85' lang='lat' dir='ltr'>flores</span> <span class='ocrx_word' id='word_1_228' title='bbox 1527 4166 1570 4248; x_wconf 93' lang='lat' dir='ltr'>in</span> <span class='ocrx_word' id='word_1_229' title='bbox 1592 4161 1764 4279; x_wconf 89' lang='lat' dir='ltr'>Alpibus</span> <span class='ocrx_word' id='word_1_230' title='bbox 1786 4164 1887 4250; x_wconf 67' lang='lat' dir='ltr'>cir-1·</span> 
     </span>
     <span class='ocr_line' id='line_1_32' title="bbox 586 4187 1885 4474; baseline -0.016 -96"><span class='ocrx_word' id='word_1_231' title='bbox 586 4297 638 4378; x_wconf 67' lang='lat'>9²</span> <span class='ocrx_word' id='word_1_232' title='bbox 658 4275 747 4374; x_wconf 86' lang='lat' dir='ltr'>idus</span> <span class='ocrx_word' id='word_1_233' title='bbox 768 4187 1002 4392; x_wconf 80' lang='lat' dir='ltr'>Quintilis,</span> <span class='ocrx_word' id='word_1_234' title='bbox 1034 4275 1144 4368; x_wconf 78' lang='lat' dir='ltr'>culta</span> <span class='ocrx_word' id='word_1_235' title='bbox 1173 4300 1309 4372; x_wconf 86' lang='lat' dir='ltr'>autem</span> <span class='ocrx_word' id='word_1_236' title='bbox 1330 4281 1376 4366; x_wconf 88' lang='lat' dir='ltr'>in</span> <span class='ocrx_word' id='word_1_237' title='bbox 1403 4275 1535 4371; x_wconf 82' lang='lat' dir='ltr'>hortis</span> <span class='ocrx_word' id='word_1_238' title='bbox 1557 4277 1677 4372; x_wconf 88' lang='lat' dir='ltr'>citius</span> <span class='ocrx_word' id='word_1_239' title='bbox 1697 4305 1718 4390; x_wconf 76' lang='lat'>3·</span> <span class='ocrx_word' id='word_1_240' title='bbox 1735 4301 1885 4474; x_wconf 54' lang='lat' dir='ltr'>quprec</span> 
     </span>
     <span class='ocr_line' id='line_1_33' title="bbox 659 4399 1792 4480; baseline -0.002 0"><span class='ocrx_word' id='word_1_241' title='bbox 659 4429 664 4438; x_wconf 92' lang='lat'><em>·</em></span> <span class='ocrx_word' id='word_1_242' title='bbox 1750 4399 1792 4480; x_wconf 86' lang='lat' dir='ltr'>lu</span> 
     </span>
    </p>
   </div>
   <div class='ocr_carea' id='block_1_5' title="bbox 0 0 2064 5414">
    <p class='ocr_par' dir='ltr' id='par_1_10' title="bbox 0 0 2064 5414">
     <span class='ocr_line' id='line_1_34' title="bbox 0 0 2064 5414; baseline 0 4"><span class='ocrx_word' id='word_1_243' title='bbox 0 0 2064 5414; x_wconf 95' lang='lat' dir='ltr'> </span> 
     </span>
    </p>
   </div>
  </div>
 </body>
</html>
