4120 5414
452 403 463 412 ἱ
631 273 1093 384 OCTAVAJ'
1340 299 1431 390 rM

194 405 461 534 bmbpolids.
488 398 676 494 Floribus
702 401 823 493 detrfe
845 405 1057 526 congestis
1090 403 1244 504 referti
1262 411 1376 518 sunt,
1405 417 1486 541 qui

194 524 366 646 'expansi
394 522 520 614 unico
541 549 591 608 ac
618 517 736 608 luteo
756 515 944 606 constare
974 517 1121 634 petalo
1144 551 1397 636 cernuntur3
1429 534 1512 620 al·

200 667 295 732 tero
322 657 517 725 extremo
546 639 589 717 in
618 633 763 720 tubum
790 629 970 715 ordinati
997 667 1026 727 ,·
1043 661 1131 748 quo
1154 667 1248 724 cum
1266 641 1484 733 seminibus

200 755 518 844 committuntur
550 775 564 849 3
595 744 727 832 altero
755 745 798 827 in
830 737 1134 834 infundibulum
1170 752 1363 868 explicati
1394 755 1484 846 lim-

201 863 268 956 bo
291 858 635 1057 quinquepartito
675 855 858 944 senum.
909 859 1131 946 Ornantur
1158 887 1333 984 quoque
1353 864 1487 955 stami.

203 1003 282 1068 nea
309 977 460 1096 vagina
501 971 586 1059 utei
629 967 782 1088 coloris
811 1029 822 1066 ,
862 966 1039 1053 bifidum
1066 999 1114 1056 ac
1143 968 1297 1062 luteum
1324 978 1485 1065 seminis
1582 1003 1586 1010 ·

198 1092 451 1184 filamentnm
479 1081 685 1172 ambiente
719 1147 729 1166 .
766 1077 1023 1196 Embryones
1055 1105 1188 1190 porro
1221 1085 1406 1173 crescunt
1424 1095 1485 1175 ,in

201 1203 384 1296 thalamo
404 1194 556 1284 foliolis
586 1191 804 1283 imbricatis
833 1192 1002 1290 innixi,
1032 1191 1382 1284 &scamnalium
1416 1223 1488 1284 an-

199 1311 384 1446 gulosa,
422 1307 608 1438 oblonga
638 1371 650 1406 ,
679 1335 726 1392 ac
749 1304 923 1424 nuda..
1403 1353 1405 1360 v
1441 1349 1482 1392 .·

255 1427 328 1514 His
359 1423 413 1510 de
430 1447 625 1540 generice
644 1416 777 1505 forma
797 1415 997 1528 cognitis,
1025 1414 1078 1501 de
1098 1413 1291 1510 facultate
1318 1423 1484 1546 aliquid

201 1536 455 1631 subnef‘tam.
484 1531 670 1618 Partibus
699 1523 957 1621 volatilibus,
987 1525 1035 1609 &
1068 1529 1119 1612 ad
1149 1541 1311 1620 motum
1338 1542 1484 1652 aptis,

198 1647 411 1776 salinisque
438 1635 678 1734 conflatur,
705 1637 809 1722 irinc
839 1635 952 1744 odor
973 1662 1068 1722 curn
1089 1636 1286 1728 suavitate
1306 1654 1445 1762 gravis
1468 1715 1478 1734 .

208 1763 363 1854 semim
400 1758 531 1874 prima
558 1747 751 1838 nobilitas
793 1745 957 1834 datur.
999 1748 1127 1840 Gustu
1173 1773 1365 1844 amarum
1384 1759 1485 1856 est,

202 1874 409 1967 mordax,
438 1867 581 1953 odoris
610 1861 836 1949 medicati.
864 1861 962 1943 Hoc
991 1862 1303 1955 intereanorum
1331 1873 1487 1958 anima-

200 1987 256 2076 lia
283 1981 423 2072 necari
445 1977 636 2093 plerique
665 1974 872 2067 testantur,
908 1997 1037 2090 quem
1055 1971 1225 2070 usum&
1250 1975 1352 2068 folia
1382 1977 1491 2095 prae-¹

212 2098 346 2190 stant,
384 2121 433 2176 ac
453 2086 636 2177 fruticosi
678 2081 836 2173 caules
863 2085 1045 2174 Maxime
1074 2109 1209 2174 tamen
1237 2089 1284 2176 iis
1311 2091 1481 2181 salutare

206 2205 435 2326 proditur,
464 2203 621 2324 quiex
657 2201 874 2312 jecinore,
906 2199 1101 2297 renibus,
1131 2221 1202 2288 aut
1235 2199 1341 2290 liene
1369 2203 1486 2293 labo.

204 2344 300 2408 rant
324 2351 338 2425 ;
365 2311 496 2413 ideo,
525 2342 579 2400 eo
604 2334 745 2427 poto,
774 2311 891 2398 citius
914 2311 987 2421 qui
1011 2310 1164 2399 morbo
1186 2339 1365 2430 arquato
1393 2343 1487 2407 cor,

204 2432 311 2547 repti
340 2424 463 2524 funt,
494 2423 791 2512 restituuntur.
817 2417 933 2506 Folia
962 2420 1161 2511 exsiccata
1190 2424 1243 2510 ad
1276 2424 1367 2515 alba
1394 2457 1485 2518 mu-

202 2537 350 2632 lierum
379 2533 595 2652 profluvia
615 2531 919 2650 compescenda
944 2531 1118 2634 ualere,
1146 2532 1334 2650 srsaepius
1362 2565 1488 2633 inane

203 2653 369 2772 jejuniis
391 2648 575 2738 faucibus
603 2650 845 2766 ingerantur
872 2705 885 2738 ‚
912 2648 1122 2734 memorie
1150 2646 1370 2740 traditum.

215 2771 218 2778 ’
261 2761 455 2890 Gignitu'r
476 2763 520 2844 in
539 2758 770 2853 Hetruria,
795 2757 843 2842 ἃ
863 2755 907 2838 in
930 2782 1034 2872 agro
1055 2761 1249 2850 Romano
1267 2760 1378 2856 secus
1401 2768 1485 2860 vias

208 2873 358 2992 apricis
386 2872 569 2989 gaudens
595 2865 823 2954 trabiibus.

266 2982 435 3081 Altera,
465 2979 616 3068 eodem
643 2970 948 3094 Tournefottio
971 2985 1174 3086 aridiore,
1200 2989 1351 3078 dicitur

272 3101 322 3182 11.
349 3099 540 3181 Santolina
559 3093 831 3183 vermiculata,
860 3103 1010 3178 Cretica
1028 3101 1110 3209 Inst.
1120 3101 1307 3188 R..Herb.
1316 3108 1412 3210 461.
1437 3123 1487 3190 A·

322 3208 517 3292 brennum
544 3206 859 3296 vermiculatum,
887 3206 1083 3292 Creticum
1104 3217 1209 3314 Ciaffi
1233 3216 1358 3302 Nu&
1376 3217 1479 3327 Fasr.

266 3323 397 3526 &ujus
426 3315 706 3434 capiudorurn
732 3308 911 3406 formam
932 3345 1264 3414 commemorare
1285 3347 1374 3410 non
1390 3351 1485 3444 gra

214 3463 267 3526 va
296 3462 386 3521 or.

158 3615 161 3622 .
214 3589 216 3599 ·
271 3547 451 3636 Summis
502 3546 664 3636 ramulis
702 3541 874 3634 inrident
919 3543 1100 3659 capitula
1135 3546 1273 3634 hemis
1293 3547 1486 3654 berica:

98 3677 104 3690 '
214 3661 388 3782 squamis
417 3664 493 3748 inae
528 3661 682 3750 ualibus
702 3659 900 3778 atsteque
920 3657 1148 3772 compastis
1172 3659 1239 3747 cin
1285 3689 1330 3749 a:
1356 3672 1401 3752 In
1420 3665 1487 3754 his

214 3771 475 3889 explicantur
539 3801 663 3871 ores,
692 3772 834 3860 extimi
862 3769 1016 3888 primi,
1046 3793 1135 3859 tum
1159 3777 1364 3889 proximi,
1395 3775 1488 3867 ulti-

213 3887 274 3976 mi
294 3887 370 4007 qui
390 3887 437 3970 in
462 3885 604 3976 medio
625 3883 740 3972 disco
762 3883 1000 3972 nascuntur:
1023 3877 1156 3974 forma
1178 3889 1376 3976 autem&
1396 3916 1488 4006 par,

215 3997 340 4095 tibus,
369 3994 511 4114 quales
539 4003 929 4114 vulgarissimum
955 3995 1170 4110 producit.
1198 4001 1361 4087 Semina
1381 4007 1489 4120 quo«

211 4137 300 4234 que
326 4109 593 4227 fimiliainter
603 4110 832 4201 imbricatae
844 4107 1012 4197 thalami
1033 4107 1219 4222 squamas
1228 4110 1456 4198 nidulantia
1476 4175 1486 4196 .

270 4225 459 4315 Tertiam
484 4231 717 4314 sersalium
741 4249 796 4310 ex
823 4225 966 4308 Horto
994 4219 1220 4307 Catholico
1247 4221 1447 4310 habemns
1473 4237 1513 4324 .·,

213 4337 340 4476 Extat
374 4337 500 4454 hujus
535 4336 882 4459 eommemoratio
918 4329 1032 4534 apuMd
1065 4329 1486 4550 Franeiiesunnfiunpaff

1022 4541 1025 4548 .
1079 4479 1102 4560 3
1388 4537 1392 4546 .
