<?xml version="1.0" encoding="UTF-8"?>
<!DOCTYPE html PUBLIC "-//W3C//DTD XHTML 1.0 Transitional//EN"
    "http://www.w3.org/TR/xhtml1/DTD/xhtml1-transitional.dtd">
<html xmlns="http://www.w3.org/1999/xhtml" xml:lang="en" lang="en">
 <head>
  <title>
</title>
<meta http-equiv="Content-Type" content="text/html;charset=utf-8" />
  <meta name='ocr-system' content='tesseract 3.04.00' />
  <meta name='ocr-capabilities' content='ocr_page ocr_carea ocr_par ocr_line ocrx_word'/>
</head>
<body>
  <div class='ocr_page' id='page_1' title='image "./juliipontederae00manfgoog_0598.png"; bbox 0 0 4120 5414; ppageno 0'>
   <div class='ocr_carea' id='block_1_1' title="bbox 561 243 1429 368">
    <p class='ocr_par' dir='ltr' id='par_1_1' title="bbox 561 243 1429 368">
     <span class='ocr_line' id='line_1_1' title="bbox 561 243 1429 368; baseline 0 -30"><span class='ocrx_word' id='word_1_1' title='bbox 561 243 1072 338; x_wconf 63' lang='lat' dir='ltr'>&gt;necllum</span> <span class='ocrx_word' id='word_1_2' title='bbox 1340 285 1429 368; x_wconf 71' lang='lat'>249</span> 
     </span>
    </p>
   </div>
   <div class='ocr_carea' id='block_1_2' title="bbox 219 363 1496 592">
    <p class='ocr_par' dir='ltr' id='par_1_2' title="bbox 219 363 1496 592">
     <span class='ocr_line' id='line_1_2' title="bbox 219 363 1496 488; baseline 0.04 -62"><span class='ocrx_word' id='word_1_3' title='bbox 219 363 381 488; x_wconf 51' lang='lat' dir='ltr'>&#39;gastius</span> <span class='ocrx_word' id='word_1_4' title='bbox 409 363 469 453; x_wconf 73' lang='lat' dir='ltr'>est</span> <span class='ocrx_word' id='word_1_5' title='bbox 489 421 501 464; x_wconf 80' lang='lat'><strong>,</strong></span> <span class='ocrx_word' id='word_1_6' title='bbox 530 388 618 448; x_wconf 93' lang='lat' dir='ltr'>non</span> <span class='ocrx_word' id='word_1_7' title='bbox 647 383 785 448; x_wconf 84' lang='lat' dir='ltr'>tamen</span> <span class='ocrx_word' id='word_1_8' title='bbox 805 363 1078 450; x_wconf 86' lang='lat' dir='ltr'>acuminatum</span> <span class='ocrx_word' id='word_1_9' title='bbox 1097 390 1111 464; x_wconf 77' lang='lat'>3</span> <span class='ocrx_word' id='word_1_10' title='bbox 1142 389 1226 481; x_wconf 69' lang='lat' dir='ltr'>qua</span> <span class='ocrx_word' id='word_1_11' title='bbox 1245 393 1349 454; x_wconf 74' lang='lat' dir='ltr'>vero</span> <span class='ocrx_word' id='word_1_12' title='bbox 1368 375 1496 462; x_wconf 70' lang='lat' dir='ltr'>flores</span> 
     </span>
     <span class='ocr_line' id='line_1_3' title="bbox 223 472 1496 592; baseline 0.03 -54"><span class='ocrx_word' id='word_1_13' title='bbox 223 478 428 577; x_wconf 52' lang='lat' dir='ltr'>suffulcit,</span> <span class='ocrx_word' id='word_1_14' title='bbox 457 480 501 560; x_wconf 82' lang='lat' dir='ltr'>in</span> <span class='ocrx_word' id='word_1_15' title='bbox 530 473 742 592; x_wconf 87' lang='lat' dir='ltr'>quoddam</span> <span class='ocrx_word' id='word_1_16' title='bbox 770 472 881 588; x_wconf 81' lang='lat' dir='ltr'>quast</span> <span class='ocrx_word' id='word_1_17' title='bbox 910 475 1134 586; x_wconf 85' lang='lat' dir='ltr'>capitulum</span> <span class='ocrx_word' id='word_1_18' title='bbox 1162 476 1338 577; x_wconf 86' lang='lat' dir='ltr'>definit,</span> <span class='ocrx_word' id='word_1_19' title='bbox 1369 487 1496 574; x_wconf 85' lang='lat' dir='ltr'>tribus</span> 
     </span>
    </p>
   </div>
   <div class='ocr_carea' id='block_1_3' title="bbox 202 581 1591 4280">
    <p class='ocr_par' dir='ltr' id='par_1_3' title="bbox 220 581 1499 1041">
     <span class='ocr_line' id='line_1_4' title="bbox 221 581 1499 712; baseline -0.003 -34"><span class='ocrx_word' id='word_1_20' title='bbox 221 607 456 712; x_wconf 79' lang='lat' dir='ltr'>quatuorve</span> <span class='ocrx_word' id='word_1_21' title='bbox 486 589 611 675; x_wconf 86' lang='lat' dir='ltr'>aristis</span> <span class='ocrx_word' id='word_1_22' title='bbox 632 613 685 668; x_wconf 87' lang='lat' dir='ltr'>ex</span> <span class='ocrx_word' id='word_1_23' title='bbox 714 581 786 668; x_wconf 90' lang='lat' dir='ltr'>illo</span> <span class='ocrx_word' id='word_1_24' title='bbox 813 585 1062 699; x_wconf 71' lang='lat' dir='ltr'>produslis,</span> <span class='ocrx_word' id='word_1_25' title='bbox 1092 585 1241 701; x_wconf 91' lang='lat' dir='ltr'>quibus</span> <span class='ocrx_word' id='word_1_26' title='bbox 1265 591 1499 684; x_wconf 79' lang='lat' dir='ltr'>breviffimae</span> 
     </span>
     <span class='ocr_line' id='line_1_5' title="bbox 221 695 1498 820; baseline 0.002 -28"><span class='ocrx_word' id='word_1_27' title='bbox 221 708 342 820; x_wconf 85' lang='lat' dir='ltr'>spinae</span> <span class='ocrx_word' id='word_1_28' title='bbox 364 699 552 788; x_wconf 90' lang='lat' dir='ltr'>deorsum</span> <span class='ocrx_word' id='word_1_29' title='bbox 574 695 739 783; x_wconf 77' lang='lat' dir='ltr'>reflexa</span> <span class='ocrx_word' id='word_1_30' title='bbox 760 699 1074 815; x_wconf 85' lang='lat' dir='ltr'>circunquaque</span> <span class='ocrx_word' id='word_1_31' title='bbox 1097 701 1339 815; x_wconf 89' lang='lat' dir='ltr'>affiguntur.</span> <span class='ocrx_word' id='word_1_32' title='bbox 1370 713 1498 795; x_wconf 88' lang='lat' dir='ltr'>Nunc</span> 
     </span>
     <span class='ocr_line' id='line_1_6' title="bbox 224 809 1494 936; baseline 0.005 -34"><span class='ocrx_word' id='word_1_33' title='bbox 224 819 278 905; x_wconf 92' lang='lat' dir='ltr'>de</span> <span class='ocrx_word' id='word_1_34' title='bbox 307 813 555 932; x_wconf 84' lang='lat' dir='ltr'>peregrinis,</span> <span class='ocrx_word' id='word_1_35' title='bbox 586 810 635 894; x_wconf 64' lang='grc' dir='ltr'>δέ</span> <span class='ocrx_word' id='word_1_36' title='bbox 663 813 844 936; x_wconf 91' lang='lat' dir='ltr'>primum</span> <span class='ocrx_word' id='word_1_37' title='bbox 874 809 927 892; x_wconf 88' lang='lat' dir='ltr'>dc</span> <span class='ocrx_word' id='word_1_38' title='bbox 952 809 1056 908; x_wconf 85' lang='lat' dir='ltr'>hac,</span> <span class='ocrx_word' id='word_1_39' title='bbox 1086 817 1200 921; x_wconf 81' lang='lat' dir='ltr'>cujus</span> <span class='ocrx_word' id='word_1_40' title='bbox 1228 809 1405 910; x_wconf 87' lang='lat' dir='ltr'>sonnam</span> <span class='ocrx_word' id='word_1_41' title='bbox 1430 821 1494 908; x_wconf 85' lang='lat' dir='ltr'>his</span> 
     </span>
     <span class='ocr_line' id='line_1_7' title="bbox 220 922 1038 1041; baseline -0.011 -25"><span class='ocrx_word' id='word_1_42' title='bbox 220 927 535 1041; x_wconf 71' lang='lat' dir='ltr'>complessimur</span> <span class='ocrx_word' id='word_1_43' title='bbox 563 922 728 1010; x_wconf 78' lang='lat' dir='ltr'>verbra:</span> <span class='ocrx_word' id='word_1_44' title='bbox 1033 953 1038 960; x_wconf 87' lang='lat'><em>·</em></span> 
     </span>
    </p>

    <p class='ocr_par' dir='ltr' id='par_1_4' title="bbox 211 1037 1496 1374">
     <span class='ocr_line' id='line_1_8' title="bbox 276 1037 1492 1152; baseline 0.005 -28"><span class='ocrx_word' id='word_1_45' title='bbox 276 1043 322 1124; x_wconf 89' lang='lat' dir='ltr'>ll.</span> <span class='ocrx_word' id='word_1_46' title='bbox 355 1037 553 1126; x_wconf 65' lang='lat' dir='ltr'>sorbicio</span> <span class='ocrx_word' id='word_1_47' title='bbox 584 1046 834 1131; x_wconf 79' lang='lat' dir='ltr'>Americana,</span> <span class='ocrx_word' id='word_1_48' title='bbox 862 1047 952 1151; x_wconf 85' lang='lat' dir='ltr'>Apit&#39;</span> <span class='ocrx_word' id='word_1_49' title='bbox 969 1040 1070 1152; x_wconf 81' lang='lat' dir='ltr'>folio</span> <span class='ocrx_word' id='word_1_50' title='bbox 1098 1095 1106 1118; x_wconf 87' lang='lat'><strong>.</strong></span> <span class='ocrx_word' id='word_1_51' title='bbox 1136 1043 1275 1124; x_wconf 83' lang='lat' dir='ltr'>Bidens</span> <span class='ocrx_word' id='word_1_52' title='bbox 1302 1056 1492 1130; x_wconf 56' lang='lat' dir='ltr'>American</span> 
     </span>
     <span class='ocr_line' id='line_1_9' title="bbox 232 1143 1496 1266; baseline 0.002 -32"><span class='ocrx_word' id='word_1_53' title='bbox 232 1259 233 1262; x_wconf 8' lang='grc' dir='ltr'><strong>Ἴ</strong></span> <span class='ocrx_word' id='word_1_54' title='bbox 328 1185 398 1248; x_wconf 82' lang='lat' dir='ltr'>m,</span> <span class='ocrx_word' id='word_1_55' title='bbox 426 1151 624 1266; x_wconf 79' lang='lat' dir='ltr'>Apiifolio</span> <span class='ocrx_word' id='word_1_56' title='bbox 652 1143 852 1231; x_wconf 80' lang='lat' dir='ltr'>Tournef.</span> <span class='ocrx_word' id='word_1_57' title='bbox 882 1152 963 1258; x_wconf 69' lang='lat' dir='ltr'>Inst-</span> <span class='ocrx_word' id='word_1_58' title='bbox 990 1152 1039 1234; x_wconf 84' lang='lat' dir='ltr'>R.</span> <span class='ocrx_word' id='word_1_59' title='bbox 1064 1151 1178 1232; x_wconf 83' lang='lat' dir='ltr'>Herb.</span> <span class='ocrx_word' id='word_1_60' title='bbox 1199 1158 1294 1256; x_wconf 79' lang='lat'><strong>462.</strong></span> <span class='ocrx_word' id='word_1_61' title='bbox 1318 1156 1496 1266; x_wconf 78' lang='lat' dir='ltr'>Chryfim-</span> 
     </span>
     <span class='ocr_line' id='line_1_10' title="bbox 211 1262 1494 1374; baseline 0.002 -26"><span class='ocrx_word' id='word_1_62' title='bbox 211 1316 234 1334; x_wconf 87' lang='lat'>·-</span> <span class='ocrx_word' id='word_1_63' title='bbox 328 1266 499 1348; x_wconf 79' lang='lat' dir='ltr'>themam</span> <span class='ocrx_word' id='word_1_64' title='bbox 527 1270 737 1374; x_wconf 78' lang='lat' dir='ltr'>aquaticum</span> <span class='ocrx_word' id='word_1_65' title='bbox 772 1321 784 1354; x_wconf 91' lang='lat'><strong>,</strong></span> <span class='ocrx_word' id='word_1_66' title='bbox 812 1265 929 1374; x_wconf 83' lang='lat' dir='ltr'>foliis</span> <span class='ocrx_word' id='word_1_67' title='bbox 955 1262 1156 1368; x_wconf 70' lang='lat' dir='ltr'>multafidis</span> <span class='ocrx_word' id='word_1_68' title='bbox 1187 1327 1199 1361; x_wconf 91' lang='lat'>,</span> <span class='ocrx_word' id='word_1_69' title='bbox 1237 1275 1372 1348; x_wconf 75' lang='lat' dir='ltr'>cicuta</span> <span class='ocrx_word' id='word_1_70' title='bbox 1404 1298 1494 1351; x_wconf 79' lang='lat' dir='ltr'>non-</span> 
     </span>
    </p>

    <p class='ocr_par' dir='ltr' id='par_1_5' title="bbox 208 1373 1494 2930">
     <span class='ocr_line' id='line_1_11' title="bbox 336 1373 1213 1484; baseline 0.001 -25"><span class='ocrx_word' id='word_1_71' title='bbox 336 1375 439 1459; x_wconf 85' lang='lat' dir='ltr'>nihil</span> <span class='ocrx_word' id='word_1_72' title='bbox 453 1373 643 1484; x_wconf 82' lang='lat' dir='ltr'>stmilibus</span> <span class='ocrx_word' id='word_1_73' title='bbox 661 1433 673 1467; x_wconf 87' lang='lat'><strong>,</strong></span> <span class='ocrx_word' id='word_1_74' title='bbox 692 1380 958 1482; x_wconf 74' lang='lat' dir='ltr'>Virginianum</span> <span class='ocrx_word' id='word_1_75' title='bbox 985 1373 1036 1452; x_wconf 91' lang='lat' dir='ltr'>H.</span> <span class='ocrx_word' id='word_1_76' title='bbox 1056 1375 1101 1452; x_wconf 91' lang='lat' dir='ltr'>L.</span> <span class='ocrx_word' id='word_1_77' title='bbox 1131 1389 1213 1460; x_wconf 81' lang='lat' dir='ltr'>Bat.</span> 
     </span>
     <span class='ocr_line' id='line_1_12' title="bbox 215 1480 1494 1602; baseline -0.006 -32"><span class='ocrx_word' id='word_1_78' title='bbox 215 1537 219 1546; x_wconf 76' lang='lat'><em>=</em></span> <span class='ocrx_word' id='word_1_79' title='bbox 279 1483 378 1572; x_wconf 77' lang='lat' dir='ltr'>Haec</span> <span class='ocrx_word' id='word_1_80' title='bbox 408 1511 581 1602; x_wconf 90' lang='lat' dir='ltr'>quoque</span> <span class='ocrx_word' id='word_1_81' title='bbox 611 1480 772 1565; x_wconf 85' lang='lat' dir='ltr'>radiatis</span> <span class='ocrx_word' id='word_1_82' title='bbox 803 1480 987 1591; x_wconf 89' lang='lat' dir='ltr'>capitulis</span> <span class='ocrx_word' id='word_1_83' title='bbox 1017 1480 1208 1583; x_wconf 89' lang='lat' dir='ltr'>constat,</span> <span class='ocrx_word' id='word_1_84' title='bbox 1236 1510 1279 1573; x_wconf 82' lang='lat' dir='ltr'>at</span> <span class='ocrx_word' id='word_1_85' title='bbox 1306 1486 1494 1574; x_wconf 71' lang='lat' dir='ltr'>dissimili⁴</span> 
     </span>
     <span class='ocr_line' id='line_1_13' title="bbox 222 1589 1492 1717; baseline -0.007 -36"><span class='ocrx_word' id='word_1_86' title='bbox 222 1595 319 1696; x_wconf 88' lang='lat' dir='ltr'>bus,</span> <span class='ocrx_word' id='word_1_87' title='bbox 349 1600 505 1717; x_wconf 84' lang='lat' dir='ltr'>quippe</span> <span class='ocrx_word' id='word_1_88' title='bbox 532 1594 719 1706; x_wconf 87' lang='lat' dir='ltr'>oblonga</span> <span class='ocrx_word' id='word_1_89' title='bbox 748 1589 859 1685; x_wconf 90' lang='lat' dir='ltr'>sunt,</span> <span class='ocrx_word' id='word_1_90' title='bbox 889 1590 936 1672; x_wconf 91' lang='lat'>&amp;</span> <span class='ocrx_word' id='word_1_91' title='bbox 954 1589 1140 1686; x_wconf 87' lang='lat' dir='ltr'>minora,</span> <span class='ocrx_word' id='word_1_92' title='bbox 1170 1598 1492 1716; x_wconf 72' lang='lat' dir='ltr'>ac‚calycebre.</span> 
     </span>
     <span class='ocr_line' id='line_1_14' title="bbox 219 1696 1493 1828; baseline -0.01 -31"><span class='ocrx_word' id='word_1_93' title='bbox 219 1709 360 1806; x_wconf 85' lang='lat' dir='ltr'>viore,</span> <span class='ocrx_word' id='word_1_94' title='bbox 397 1709 471 1828; x_wconf 92' lang='lat' dir='ltr'>qui</span> <span class='ocrx_word' id='word_1_95' title='bbox 499 1733 551 1788; x_wconf 84' lang='lat' dir='ltr'>ex</span> <span class='ocrx_word' id='word_1_96' title='bbox 583 1703 755 1821; x_wconf 85' lang='lat' dir='ltr'>squamis</span> <span class='ocrx_word' id='word_1_97' title='bbox 797 1696 883 1786; x_wconf 88' lang='lat' dir='ltr'>scre</span> <span class='ocrx_word' id='word_1_98' title='bbox 911 1698 1131 1816; x_wconf 73' lang='lat' dir='ltr'>aequalibus</span> <span class='ocrx_word' id='word_1_99' title='bbox 1170 1707 1215 1790; x_wconf 89' lang='lat' dir='ltr'>fit</span> <span class='ocrx_word' id='word_1_100' title='bbox 1253 1707 1493 1824; x_wconf 54' lang='lat' dir='ltr'>angustioris</span> 
     </span>
     <span class='ocr_line' id='line_1_15' title="bbox 217 1811 1494 1939; baseline 0.001 -35"><span class='ocrx_word' id='word_1_101' title='bbox 217 1817 389 1939; x_wconf 88' lang='lat' dir='ltr'>busque,</span> <span class='ocrx_word' id='word_1_102' title='bbox 401 1814 645 1930; x_wconf 82' lang='lat' dir='ltr'>composta.</span> <span class='ocrx_word' id='word_1_103' title='bbox 673 1811 1048 1902; x_wconf 88' lang='lat' dir='ltr'>Semiflosculorum·</span> <span class='ocrx_word' id='word_1_104' title='bbox 1063 1836 1199 1902; x_wconf 86' lang='lat' dir='ltr'>autem</span> <span class='ocrx_word' id='word_1_105' title='bbox 1210 1813 1364 1914; x_wconf 88' lang='lat' dir='ltr'>forma,</span> <span class='ocrx_word' id='word_1_106' title='bbox 1395 1847 1494 1936; x_wconf 82' lang='lat' dir='ltr'>qua-</span> 
     </span>
     <span class='ocr_line' id='line_1_16' title="bbox 211 1923 1494 2043; baseline -0.005 -29"><span class='ocrx_word' id='word_1_107' title='bbox 211 1930 261 2014; x_wconf 85' lang='lat' dir='ltr'>lis</span> <span class='ocrx_word' id='word_1_108' title='bbox 292 1932 334 2017; x_wconf 92' lang='lat' dir='ltr'>in</span> <span class='ocrx_word' id='word_1_109' title='bbox 347 1929 413 2015; x_wconf 90' lang='lat' dir='ltr'>illa</span> <span class='ocrx_word' id='word_1_110' title='bbox 442 1929 484 2014; x_wconf 94' lang='lat' dir='ltr'>su</span> <span class='ocrx_word' id='word_1_111' title='bbox 516 1958 561 2013; x_wconf 90' lang='lat' dir='ltr'>ra</span> <span class='ocrx_word' id='word_1_112' title='bbox 583 1926 880 2022; x_wconf 85' lang='lat' dir='ltr'>indicata,est,</span> <span class='ocrx_word' id='word_1_113' title='bbox 909 1923 1028 2010; x_wconf 90' lang='lat' dir='ltr'>color</span> <span class='ocrx_word' id='word_1_114' title='bbox 1040 1929 1161 2011; x_wconf 85' lang='lat' dir='ltr'>etiarn</span> <span class='ocrx_word' id='word_1_115' title='bbox 1188 1931 1314 2026; x_wconf 90' lang='lat' dir='ltr'>idem,</span> <span class='ocrx_word' id='word_1_116' title='bbox 1344 1932 1494 2043; x_wconf 73' lang='lat' dir='ltr'>&amp;par-</span> 
     </span>
     <span class='ocr_line' id='line_1_17' title="bbox 213 1955 1489 2157; baseline 0.004 -33"><span class='ocrx_word' id='word_1_117' title='bbox 213 2063 304 2137; x_wconf 87' lang='lat' dir='ltr'>tes,</span> <span class='ocrx_word' id='word_1_118' title='bbox 332 2045 388 2124; x_wconf 89' lang='lat' dir='ltr'>ita</span> <span class='ocrx_word' id='word_1_119' title='bbox 416 1955 659 2142; x_wconf 72' lang='lat' dir='ltr'>ernbrvones</span> <span class='ocrx_word' id='word_1_120' title='bbox 689 2037 843 2156; x_wconf 87' lang='lat' dir='ltr'>strigosr</span> <span class='ocrx_word' id='word_1_121' title='bbox 872 2063 1046 2153; x_wconf 90' lang='lat' dir='ltr'>quoque</span> <span class='ocrx_word' id='word_1_122' title='bbox 1076 2068 1124 2124; x_wconf 86' lang='lat' dir='ltr'>ac</span> <span class='ocrx_word' id='word_1_123' title='bbox 1151 2035 1383 2157; x_wconf 78' lang='lat' dir='ltr'>impersesli</span> <span class='ocrx_word' id='word_1_124' title='bbox 1408 2081 1418 2124; x_wconf 71' lang='grc' dir='ltr'><strong><em>ε</em></strong></span> <span class='ocrx_word' id='word_1_125' title='bbox 1446 2065 1489 2129; x_wconf 89' lang='lat' dir='ltr'>at</span> 
     </span>
     <span class='ocr_line' id='line_1_18' title="bbox 210 2143 1490 2268; baseline -0.005 -32"><span class='ocrx_word' id='word_1_126' title='bbox 210 2151 368 2236; x_wconf 87' lang='lat' dir='ltr'>lrorurn</span> <span class='ocrx_word' id='word_1_127' title='bbox 397 2143 638 2268; x_wconf 84' lang='lat' dir='ltr'>magnitudo</span> <span class='ocrx_word' id='word_1_128' title='bbox 661 2151 822 2234; x_wconf 91' lang='lat' dir='ltr'>minor.</span> <span class='ocrx_word' id='word_1_129' title='bbox 850 2149 1004 2236; x_wconf 78' lang='lat' dir='ltr'>Eadem</span> <span class='ocrx_word' id='word_1_130' title='bbox 1032 2147 1189 2237; x_wconf 87' lang='lat' dir='ltr'>estdilci</span> <span class='ocrx_word' id='word_1_131' title='bbox 1217 2183 1266 2242; x_wconf 90' lang='lat' dir='ltr'>ac</span> <span class='ocrx_word' id='word_1_132' title='bbox 1296 2159 1379 2263; x_wconf 76' lang='lat' dir='ltr'>ejus</span> <span class='ocrx_word' id='word_1_133' title='bbox 1398 2177 1490 2264; x_wconf 59' lang='lat' dir='ltr'>para</span> 
     </span>
     <span class='ocr_line' id='line_1_19' title="bbox 213 2260 1490 2377; baseline 0.002 -31"><span class='ocrx_word' id='word_1_134' title='bbox 213 2264 319 2353; x_wconf 90' lang='lat' dir='ltr'>tium</span> <span class='ocrx_word' id='word_1_135' title='bbox 345 2263 473 2358; x_wconf 85' lang='lat' dir='ltr'>ratio,</span> <span class='ocrx_word' id='word_1_136' title='bbox 501 2260 565 2347; x_wconf 89' lang='lat' dir='ltr'>sed</span> <span class='ocrx_word' id='word_1_137' title='bbox 593 2263 731 2348; x_wconf 89' lang='lat' dir='ltr'>omnia</span> <span class='ocrx_word' id='word_1_138' title='bbox 759 2263 920 2346; x_wconf 87' lang='lat' dir='ltr'>minora</span> <span class='ocrx_word' id='word_1_139' title='bbox 931 2264 1041 2346; x_wconf 84' lang='lat' dir='ltr'>sunt.</span> <span class='ocrx_word' id='word_1_140' title='bbox 1069 2267 1219 2347; x_wconf 86' lang='lat' dir='ltr'>Semen</span> <span class='ocrx_word' id='word_1_141' title='bbox 1244 2271 1376 2377; x_wconf 88' lang='lat' dir='ltr'>porro</span> <span class='ocrx_word' id='word_1_142' title='bbox 1390 2289 1490 2375; x_wconf 85' lang='lat' dir='ltr'>prac-</span> 
     </span>
     <span class='ocr_line' id='line_1_20' title="bbox 211 2368 1489 2492; baseline 0.001 -34"><span class='ocrx_word' id='word_1_143' title='bbox 211 2371 388 2488; x_wconf 90' lang='lat' dir='ltr'>longum</span> <span class='ocrx_word' id='word_1_144' title='bbox 415 2373 505 2470; x_wconf 86' lang='lat' dir='ltr'>est,</span> <span class='ocrx_word' id='word_1_145' title='bbox 534 2373 694 2492; x_wconf 89' lang='lat' dir='ltr'>ungulis</span> <span class='ocrx_word' id='word_1_146' title='bbox 724 2372 905 2490; x_wconf 88' lang='lat' dir='ltr'>striisque</span> <span class='ocrx_word' id='word_1_147' title='bbox 934 2368 1168 2485; x_wconf 81' lang='lat' dir='ltr'>inaequale,</span> <span class='ocrx_word' id='word_1_148' title='bbox 1209 2407 1257 2462; x_wconf 87' lang='lat' dir='ltr'>ac</span> <span class='ocrx_word' id='word_1_149' title='bbox 1289 2371 1449 2490; x_wconf 91' lang='lat' dir='ltr'>pullum</span> <span class='ocrx_word' id='word_1_150' title='bbox 1473 2409 1489 2473; x_wconf 95' lang='lat'>,·</span> 
     </span>
     <span class='ocr_line' id='line_1_21' title="bbox 209 2483 1488 2600; baseline -0.003 -30"><span class='ocrx_word' id='word_1_151' title='bbox 209 2486 311 2572; x_wconf 90' lang='lat' dir='ltr'>duas</span> <span class='ocrx_word' id='word_1_152' title='bbox 344 2483 468 2571; x_wconf 90' lang='lat' dir='ltr'>tresve</span> <span class='ocrx_word' id='word_1_153' title='bbox 497 2483 786 2598; x_wconf 88' lang='lat' dir='ltr'>appendiculas</span> <span class='ocrx_word' id='word_1_154' title='bbox 815 2487 860 2568; x_wconf 95' lang='lat' dir='ltr'>in</span> <span class='ocrx_word' id='word_1_155' title='bbox 888 2483 1112 2572; x_wconf 87' lang='lat' dir='ltr'>summitate</span> <span class='ocrx_word' id='word_1_156' title='bbox 1143 2511 1290 2600; x_wconf 88' lang='lat' dir='ltr'>gerens</span> <span class='ocrx_word' id='word_1_157' title='bbox 1333 2486 1488 2582; x_wconf 86' lang='lat' dir='ltr'>luteas,</span> 
     </span>
     <span class='ocr_line' id='line_1_22' title="bbox 208 2593 1489 2712; baseline -0.002 -28"><span class='ocrx_word' id='word_1_158' title='bbox 208 2594 462 2710; x_wconf 84' lang='lat' dir='ltr'>exilibusque</span> <span class='ocrx_word' id='word_1_159' title='bbox 505 2597 622 2710; x_wconf 85' lang='lat' dir='ltr'>spinis</span> <span class='ocrx_word' id='word_1_160' title='bbox 651 2595 824 2712; x_wconf 90' lang='lat' dir='ltr'>oblique</span> <span class='ocrx_word' id='word_1_161' title='bbox 865 2594 1012 2682; x_wconf 91' lang='lat' dir='ltr'>sursum</span> <span class='ocrx_word' id='word_1_162' title='bbox 1049 2595 1308 2689; x_wconf 85' lang='lat' dir='ltr'>tendentibus</span> <span class='ocrx_word' id='word_1_163' title='bbox 1348 2593 1489 2683; x_wconf 85' lang='lat' dir='ltr'>hama-</span> 
     </span>
     <span class='ocr_line' id='line_1_23' title="bbox 211 2705 1490 2816; baseline 0.001 -26"><span class='ocrx_word' id='word_1_164' title='bbox 211 2729 270 2792; x_wconf 88' lang='lat' dir='ltr'>tas</span> <span class='ocrx_word' id='word_1_165' title='bbox 296 2771 305 2789; x_wconf 90' lang='lat'><strong>.</strong></span> <span class='ocrx_word' id='word_1_166' title='bbox 335 2709 406 2788; x_wconf 86' lang='lat' dir='ltr'>His</span> <span class='ocrx_word' id='word_1_167' title='bbox 434 2709 565 2789; x_wconf 86' lang='lat' dir='ltr'>flores·</span> <span class='ocrx_word' id='word_1_168' title='bbox 584 2705 654 2790; x_wconf 88' lang='lat' dir='ltr'>srbi</span> <span class='ocrx_word' id='word_1_169' title='bbox 685 2705 894 2816; x_wconf 78' lang='lat' dir='ltr'>impositos</span> <span class='ocrx_word' id='word_1_170' title='bbox 922 2705 1055 2788; x_wconf 88' lang='lat' dir='ltr'>semen</span> <span class='ocrx_word' id='word_1_171' title='bbox 1083 2709 1137 2792; x_wconf 89' lang='lat' dir='ltr'>ad</span> <span class='ocrx_word' id='word_1_172' title='bbox 1164 2705 1292 2798; x_wconf 88' lang='lat' dir='ltr'>latera</span> <span class='ocrx_word' id='word_1_173' title='bbox 1318 2705 1490 2805; x_wconf 86' lang='lat' dir='ltr'>firmat,</span> 
     </span>
     <span class='ocr_line' id='line_1_24' title="bbox 211 2810 1225 2930; baseline 0.002 -29"><span class='ocrx_word' id='word_1_174' title='bbox 211 2816 341 2930; x_wconf 88' lang='lat' dir='ltr'>ipsum</span> <span class='ocrx_word' id='word_1_175' title='bbox 369 2810 590 2898; x_wconf 86' lang='lat' dir='ltr'>imbricatis</span> <span class='ocrx_word' id='word_1_176' title='bbox 620 2813 787 2896; x_wconf 85' lang='lat' dir='ltr'>thalami</span> <span class='ocrx_word' id='word_1_177' title='bbox 815 2814 988 2929; x_wconf 86' lang='lat' dir='ltr'>squamis</span> <span class='ocrx_word' id='word_1_178' title='bbox 1018 2818 1225 2908; x_wconf 83' lang='lat' dir='ltr'>innixum.</span> 
     </span>
    </p>

    <p class='ocr_par' dir='ltr' id='par_1_6' title="bbox 207 2924 1486 3350">
     <span class='ocr_line' id='line_1_25' title="bbox 267 2924 1486 3042; baseline 0.007 -32"><span class='ocrx_word' id='word_1_179' title='bbox 267 2926 452 3010; x_wconf 82' lang='lat' dir='ltr'>Tertiam</span> <span class='ocrx_word' id='word_1_180' title='bbox 479 2925 716 3007; x_wconf 71' lang='lat' dir='ltr'>forbicinam</span> <span class='ocrx_word' id='word_1_181' title='bbox 745 2951 835 3010; x_wconf 89' lang='lat' dir='ltr'>mea</span> <span class='ocrx_word' id='word_1_182' title='bbox 862 2925 1028 3042; x_wconf 91' lang='lat' dir='ltr'>quidem</span> <span class='ocrx_word' id='word_1_183' title='bbox 1055 2924 1486 3019; x_wconf 75' lang='lat' dir='ltr'>sententia&#39;dissrmilem</span> 
     </span>
     <span class='ocr_line' id='line_1_26' title="bbox 211 3035 1485 3232; baseline 0 -108"><span class='ocrx_word' id='word_1_184' title='bbox 211 3036 541 3154; x_wconf 86' lang='lat' dir='ltr'>&amp;degenerem</span> <span class='ocrx_word' id='word_1_185' title='bbox 570 3037 613 3117; x_wconf 93' lang='lat' dir='ltr'>in</span> <span class='ocrx_word' id='word_1_186' title='bbox 640 3035 725 3120; x_wconf 89' lang='lat' dir='ltr'>hoc</span> <span class='ocrx_word' id='word_1_187' title='bbox 753 3061 905 3149; x_wconf 90' lang='lat' dir='ltr'>genere</span> <span class='ocrx_word' id='word_1_188' title='bbox 933 3037 1110 3232; x_wconf 82' lang='lat' dir='ltr'>seposui‚</span> <span class='ocrx_word' id='word_1_189' title='bbox 1139 3043 1270 3134; x_wconf 87' lang='lat' dir='ltr'>rursus</span> <span class='ocrx_word' id='word_1_190' title='bbox 1303 3045 1352 3130; x_wconf 89' lang='lat' dir='ltr'>ad</span> <span class='ocrx_word' id='word_1_191' title='bbox 1374 3040 1485 3128; x_wconf 86' lang='lat' dir='ltr'>aliud</span> 
     </span>
     <span class='ocr_line' id='line_1_27' title="bbox 211 3147 1486 3263; baseline 0.002 -27"><span class='ocrx_word' id='word_1_192' title='bbox 211 3173 501 3245; x_wconf 87' lang='lat' dir='ltr'>revocaturus,</span> <span class='ocrx_word' id='word_1_193' title='bbox 532 3169 580 3236; x_wconf 95' lang='lat' dir='ltr'>ut</span> <span class='ocrx_word' id='word_1_194' title='bbox 606 3147 787 3259; x_wconf 86' lang='lat' dir='ltr'>primurn</span> <span class='ocrx_word' id='word_1_195' title='bbox 810 3171 935 3238; x_wconf 86' lang='lat' dir='ltr'>nouae</span> <span class='ocrx_word' id='word_1_196' title='bbox 977 3151 1114 3263; x_wconf 86' lang='lat' dir='ltr'>pecies</span> <span class='ocrx_word' id='word_1_197' title='bbox 1133 3155 1235 3242; x_wconf 88' lang='lat' dir='ltr'>mihi</span> <span class='ocrx_word' id='word_1_198' title='bbox 1262 3153 1486 3243; x_wconf 77' lang='lat' dir='ltr'>innotesce-</span> 
     </span>
     <span class='ocr_line' id='line_1_28' title="bbox 207 3287 796 3350; baseline -0.015 0"><span class='ocrx_word' id='word_1_199' title='bbox 207 3287 324 3350; x_wconf 82' lang='lat' dir='ltr'>rent.</span> <span class='ocrx_word' id='word_1_200' title='bbox 361 3293 365 3300; x_wconf 54' lang='lat'><em>*</em></span> <span class='ocrx_word' id='word_1_201' title='bbox 516 3325 519 3334; x_wconf 71' lang='lat'>‚</span> <span class='ocrx_word' id='word_1_202' title='bbox 791 3331 796 3341; x_wconf 89' lang='lat'><strong>.</strong></span> 
     </span>
    </p>

    <p class='ocr_par' dir='ltr' id='par_1_7' title="bbox 202 3367 1591 4280">
     <span class='ocr_line' id='line_1_29' title="bbox 265 3367 1591 3493; baseline 0.004 -36"><span class='ocrx_word' id='word_1_203' title='bbox 265 3372 478 3459; x_wconf 80' lang='lat' dir='ltr'>Prodeant</span> <span class='ocrx_word' id='word_1_204' title='bbox 507 3373 548 3457; x_wconf 86' lang='lat' dir='ltr'>in</span> <span class='ocrx_word' id='word_1_205' title='bbox 576 3371 653 3462; x_wconf 89' lang='lat' dir='ltr'>hac</span> <span class='ocrx_word' id='word_1_206' title='bbox 680 3372 732 3458; x_wconf 87' lang='lat' dir='ltr'>de</span> <span class='ocrx_word' id='word_1_207' title='bbox 760 3367 917 3460; x_wconf 90' lang='lat' dir='ltr'>summis</span> <span class='ocrx_word' id='word_1_208' title='bbox 946 3373 1109 3464; x_wconf 86' lang='lat' dir='ltr'>ramulis</span> <span class='ocrx_word' id='word_1_209' title='bbox 1138 3377 1320 3493; x_wconf 82' lang='lat' dir='ltr'>capitula</span> <span class='ocrx_word' id='word_1_210' title='bbox 1351 3375 1482 3464; x_wconf 87' lang='lat' dir='ltr'>hemi-</span> <span class='ocrx_word' id='word_1_211' title='bbox 1588 3479 1591 3486; x_wconf 23' lang='grc' dir='ltr'>Ι</span> 
     </span>
     <span class='ocr_line' id='line_1_30' title="bbox 213 3485 1486 3606; baseline 0.002 -36"><span class='ocrx_word' id='word_1_212' title='bbox 213 3486 427 3598; x_wconf 70' lang='lat' dir='ltr'>spherica.</span> <span class='ocrx_word' id='word_1_213' title='bbox 455 3485 591 3570; x_wconf 81' lang='lat' dir='ltr'>Flores</span> <span class='ocrx_word' id='word_1_214' title='bbox 603 3489 645 3571; x_wconf 94' lang='lat' dir='ltr'>in</span> <span class='ocrx_word' id='word_1_215' title='bbox 673 3486 858 3599; x_wconf 89' lang='lat' dir='ltr'>capitulis</span> <span class='ocrx_word' id='word_1_216' title='bbox 887 3485 1094 3570; x_wconf 88' lang='lat' dir='ltr'>nascentes</span> <span class='ocrx_word' id='word_1_217' title='bbox 1123 3488 1390 3606; x_wconf 77' lang='lat' dir='ltr'>inaequalibus</span> <span class='ocrx_word' id='word_1_218' title='bbox 1419 3511 1486 3573; x_wconf 84' lang='lat' dir='ltr'>ea-</span> 
     </span>
     <span class='ocr_line' id='line_1_31' title="bbox 210 3595 1483 3715; baseline 0.002 -33"><span class='ocrx_word' id='word_1_219' title='bbox 210 3598 308 3712; x_wconf 87' lang='lat' dir='ltr'>lycis</span> <span class='ocrx_word' id='word_1_220' title='bbox 338 3597 511 3715; x_wconf 87' lang='lat' dir='ltr'>squamis</span> <span class='ocrx_word' id='word_1_221' title='bbox 541 3629 588 3683; x_wconf 85' lang='lat' dir='ltr'>ac</span> <span class='ocrx_word' id='word_1_222' title='bbox 603 3600 845 3685; x_wconf 88' lang='lat' dir='ltr'>imbricatim</span> <span class='ocrx_word' id='word_1_223' title='bbox 874 3596 1072 3682; x_wconf 88' lang='lat' dir='ltr'>ordinatis</span> <span class='ocrx_word' id='word_1_224' title='bbox 1095 3595 1400 3701; x_wconf 85' lang='lat' dir='ltr'>suffirlciuntur;</span> <span class='ocrx_word' id='word_1_225' title='bbox 1428 3599 1483 3686; x_wconf 87' lang='lat' dir='ltr'>se-</span> 
     </span>
     <span class='ocr_line' id='line_1_32' title="bbox 202 3707 1486 3826; baseline 0.002 -29"><span class='ocrx_word' id='word_1_226' title='bbox 202 3707 468 3797; x_wconf 83' lang='lat' dir='ltr'>mislosculosr</span> <span class='ocrx_word' id='word_1_227' title='bbox 495 3709 668 3826; x_wconf 88' lang='lat' dir='ltr'>squamis</span> <span class='ocrx_word' id='word_1_228' title='bbox 698 3713 878 3826; x_wconf 85' lang='lat' dir='ltr'>proximi</span> <span class='ocrx_word' id='word_1_229' title='bbox 906 3717 1047 3822; x_wconf 78' lang='lat' dir='ltr'>jacent</span> <span class='ocrx_word' id='word_1_230' title='bbox 1066 3712 1206 3822; x_wconf 78' lang='lat' dir='ltr'>posui,</span> <span class='ocrx_word' id='word_1_231' title='bbox 1236 3715 1375 3800; x_wconf 89' lang='lat' dir='ltr'>crocei</span> <span class='ocrx_word' id='word_1_232' title='bbox 1391 3741 1486 3800; x_wconf 89' lang='lat' dir='ltr'>cum</span> 
     </span>
     <span class='ocr_line' id='line_1_33' title="bbox 205 3819 1486 3944; baseline 0.005 -37"><span class='ocrx_word' id='word_1_233' title='bbox 205 3850 360 3907; x_wconf 85' lang='lat' dir='ltr'>crocea</span> <span class='ocrx_word' id='word_1_234' title='bbox 389 3820 515 3908; x_wconf 86' lang='lat' dir='ltr'>bifida</span> <span class='ocrx_word' id='word_1_235' title='bbox 550 3853 601 3910; x_wconf 93' lang='lat' dir='ltr'>ue</span> <span class='ocrx_word' id='word_1_236' title='bbox 631 3826 763 3928; x_wconf 83' lang='lat' dir='ltr'>tuba3</span> <span class='ocrx_word' id='word_1_237' title='bbox 804 3823 953 3909; x_wconf 87' lang='lat' dir='ltr'>deinde</span> <span class='ocrx_word' id='word_1_238' title='bbox 980 3819 1017 3908; x_wconf 89' lang='lat' dir='ltr'>se</span> <span class='ocrx_word' id='word_1_239' title='bbox 1053 3845 1206 3910; x_wconf 86' lang='lat' dir='ltr'>uuntur</span> <span class='ocrx_word' id='word_1_240' title='bbox 1237 3828 1310 3944; x_wconf 94' lang='lat' dir='ltr'>qui</span> <span class='ocrx_word' id='word_1_241' title='bbox 1338 3821 1486 3913; x_wconf 80' lang='lat' dir='ltr'>floscu-</span> 
     </span>
     <span class='ocr_line' id='line_1_34' title="bbox 207 3847 1484 4059; baseline -0.001 -39"><span class='ocrx_word' id='word_1_242' title='bbox 207 3931 281 4020; x_wconf 89' lang='lat' dir='ltr'>losr</span> <span class='ocrx_word' id='word_1_243' title='bbox 311 3937 485 4049; x_wconf 89' lang='lat' dir='ltr'>proprie</span> <span class='ocrx_word' id='word_1_244' title='bbox 514 3851 612 4024; x_wconf 72' lang='lat' dir='ltr'>dieti</span> <span class='ocrx_word' id='word_1_245' title='bbox 642 3937 766 4032; x_wconf 87' lang='lat' dir='ltr'>sunt,</span> <span class='ocrx_word' id='word_1_246' title='bbox 808 3962 991 4059; x_wconf 89' lang='lat' dir='ltr'>quorum</span> <span class='ocrx_word' id='word_1_247' title='bbox 1017 3847 1151 4024; x_wconf 68' lang='lat' dir='ltr'>sonna</span> <span class='ocrx_word' id='word_1_248' title='bbox 1180 3937 1227 4024; x_wconf 89' lang='lat'>&amp;</span> <span class='ocrx_word' id='word_1_249' title='bbox 1267 3960 1399 4051; x_wconf 86' lang='lat' dir='ltr'>partes</span> <span class='ocrx_word' id='word_1_250' title='bbox 1429 3938 1484 4020; x_wconf 87' lang='lat' dir='ltr'>ita</span> 
     </span>
     <span class='ocr_line' id='line_1_35' title="bbox 203 4046 1478 4167; baseline 0.002 -36"><span class='ocrx_word' id='word_1_251' title='bbox 203 4046 243 4131; x_wconf 90' lang='lat' dir='ltr'>se</span> <span class='ocrx_word' id='word_1_252' title='bbox 271 4046 452 4142; x_wconf 90' lang='lat' dir='ltr'>habent,</span> <span class='ocrx_word' id='word_1_253' title='bbox 482 4073 529 4136; x_wconf 94' lang='lat' dir='ltr'>ut</span> <span class='ocrx_word' id='word_1_254' title='bbox 557 4052 600 4133; x_wconf 92' lang='lat' dir='ltr'>in</span> <span class='ocrx_word' id='word_1_255' title='bbox 628 4051 815 4167; x_wconf 85' lang='lat' dir='ltr'>cognatis</span> <span class='ocrx_word' id='word_1_256' title='bbox 845 4047 1062 4146; x_wconf 87' lang='lat' dir='ltr'>omnibus,</span> <span class='ocrx_word' id='word_1_257' title='bbox 1092 4047 1214 4134; x_wconf 88' lang='lat' dir='ltr'>color</span> <span class='ocrx_word' id='word_1_258' title='bbox 1241 4072 1478 4137; x_wconf 86' lang='lat' dir='ltr'>autemtum</span> 
     </span>
     <span class='ocr_line' id='line_1_36' title="bbox 203 4155 1481 4280; baseline -0.003 -36"><span class='ocrx_word' id='word_1_259' title='bbox 203 4155 361 4270; x_wconf 80' lang='lat' dir='ltr'>petalis,</span> <span class='ocrx_word' id='word_1_260' title='bbox 390 4182 477 4246; x_wconf 94' lang='lat' dir='ltr'>tum</span> <span class='ocrx_word' id='word_1_261' title='bbox 506 4163 626 4262; x_wconf 92' lang='lat' dir='ltr'>tubis,</span> <span class='ocrx_word' id='word_1_262' title='bbox 656 4186 743 4249; x_wconf 92' lang='lat' dir='ltr'>tum</span> <span class='ocrx_word' id='word_1_263' title='bbox 771 4163 930 4280; x_wconf 79' lang='lat' dir='ltr'>vaginae</span> <span class='ocrx_word' id='word_1_264' title='bbox 956 4159 1141 4246; x_wconf 90' lang='lat' dir='ltr'>interiori</span> <span class='ocrx_word' id='word_1_265' title='bbox 1174 4165 1297 4266; x_wconf 84' lang='lat' dir='ltr'>(nam</span> <span class='ocrx_word' id='word_1_266' title='bbox 1326 4161 1481 4246; x_wconf 84' lang='lat' dir='ltr'>extrin-</span> 
     </span>
    </p>
   </div>
   <div class='ocr_carea' id='block_1_4' title="bbox 200 4269 1481 4476">
    <p class='ocr_par' dir='ltr' id='par_1_8' title="bbox 200 4269 1481 4476">
     <span class='ocr_line' id='line_1_37' title="bbox 200 4269 1481 4476; baseline -0.003 -118"><span class='ocrx_word' id='word_1_267' title='bbox 200 4270 526 4390; x_wconf 75' lang='lat' dir='ltr'>secussubpulla</span> <span class='ocrx_word' id='word_1_268' title='bbox 555 4275 636 4390; x_wconf 86' lang='lat' dir='ltr'>est)</span> <span class='ocrx_word' id='word_1_269' title='bbox 667 4273 780 4366; x_wconf 86' lang='lat' dir='ltr'>inest¹</span> <span class='ocrx_word' id='word_1_270' title='bbox 807 4297 1001 4364; x_wconf 84' lang='lat' dir='ltr'>croceus.</span> <span class='ocrx_word' id='word_1_271' title='bbox 1027 4281 1083 4360; x_wconf 91' lang='lat' dir='ltr'>At</span> <span class='ocrx_word' id='word_1_272' title='bbox 1110 4269 1245 4370; x_wconf 79' lang='lat' dir='ltr'>semen</span> <span class='ocrx_word' id='word_1_273' title='bbox 1276 4269 1481 4476; x_wconf 56' lang='lat' dir='ltr'>corpupges·</span> 
     </span>
    </p>
   </div>
   <div class='ocr_carea' id='block_1_5' title="bbox 0 0 2064 5414">
    <p class='ocr_par' dir='ltr' id='par_1_9' title="bbox 0 0 2064 5414">
     <span class='ocr_line' id='line_1_38' title="bbox 0 0 2064 5414; baseline 0 9"><span class='ocrx_word' id='word_1_274' title='bbox 0 0 2064 5414; x_wconf 95' lang='lat' dir='ltr'> </span> 
     </span>
    </p>
   </div>
  </div>
 </body>
</html>
