4144 5412
661 306 721 383 m
869 249 1597 356 .QWTHOLOGIAE
1757 375 1763 378 -

668 389 671 394 ’
709 395 762 474 Κ,
775 383 903 468 Herb.
933 417 952 494 3
959 409 1043 574 97{3
1060 381 1162 464 raba
1180 379 1397 493 sylvestris,
1417 383 1554 494 fracia
1582 381 1762 473 rotundo,
1788 403 1871 466 atro

709 503 756 581 C.
783 500 831 578 B.
854 507 933 577 Pin.
1058 555 1068 587 ,
1865 506 1874 512 '

595 608 712 698 effert
740 635 794 694 ex
821 527 1018 691 folioru3n31
1047 601 1116 687 alis
1145 607 1264 687 flores
1287 611 1340 687 e‘x
1358 600 1516 798 stipulis
1542 595 1773 720 plerunque
1797 599 1873 687 sm-

592 723 741 841 gulos,
765 744 872 836 quos
902 716 1041 833 calyce
1069 714 1391 828 comprehcndit
1449 736 1640 829 rmatque
1665 777 1673 797 .
1695 715 1773 799 Hic
1801 731 1871 797 aua

592 860 677 922 tem
707 837 887 944 integer,
917 827 1132 944 inquinas
1163 848 1298 940 partes
1329 851 1405 940 per
1434 852 1555 910 oram
1582 825 1877 937 secatur,quaa

592 975 685 1036 rum
713 941 799 1036 illa,
841 967 935 1056 quae
964 940 1145 1022 carinam
1171 938 1356 1050 respicit,
1385 939 1537 1022 caeteris
1566 933 1736 1050 longior
1774 958 1876 1047 pros

571 1056 782 1154 ducitur,
813 1047 990 1136 fruetum
1018 1051 1128 1133 enim
1154 1043 1289 1134 fulcit.¹
1319 1058 1365 1134 In
1393 1044 1555 1164 fingulis
1581 1045 1748 1131 floribus
1772 1071 1872 1158 qua-

596 1191 714 1251 terna
741 1182 967 1248 cernuntur
995 1161 1159 1271 petala,
1187 1157 1384 1248 vexillum
1412 1185 1570 1254 unu-m,
1598 1157 1717 1276 quod
1744 1162 1870 1240 maxi-

593 1303 740 1369 mum,
780 1270 929 1387 pallide
959 1267 1227 1368 violaceum,
1270 1271 1339 1358 alat
1368 1271 1458 1358 duat
1495 1272 1539 1355 in
1566 1269 1755 1356 humana
1782 1262 1871 1352 fere

592 1381 785 1474 auricula·
813 1381 989 1469 formam
1017 1380 1221 1493 expansae,
1251 1383 1539 1497 pallescentes,
1573 1405 1750 1497 quarum
1774 1403 1867 1490 pars

591 1496 775 1612 superior
802 1517 1107 1608 atropurpureo
1132 1488 1275 1578 colore
1304 1491 1372 1576 infi
1405 1494 1466 1587 nis
1495 1489 1869 1684 est;Carina,puae

626 1630 785 1695 uartum
813 1608 897 1702 est,
927 1628 1015 1690 tota
1043 1601 1218 1701 albicat,
1247 1607 1290 1686 in
1320 1519 1520 1690 inseriore
1547 1603 1603 1686 sui
1633 1624 1751 1716 parte
1795 1597 1867 1685 cis-

591 1637 661 1816 sa,
690 1740 735 1806 ut
763 1717 959 1804 crescenti
987 1711 1138 1801 fructui
1167 1713 1319 1801 nullam
1346 1741 1517 1804 moram.
1534 1708 1708 1808 afferat,-
1737 1713 1779 1793 in
1807 1709 1869 1796 su-

591 1833 759 1946 periore
788 1853 904 1944 parte
926 1825 1194 1941 expanditur,
1223 1825 1464 1912 fimbriatam
1491 1826 1648 1940 vaginae
1678 1822 1872 1908 extremi*

459 1963 477 2000 *Ξ
590 1943 824 2040 tatem,cui
853 1967 987 2056 apices
1017 1947 1264 2062 junguntur,
1283 1943 1515 2053 excipiens.
1545 1937 1706 2053 Vagina
1731 1955 1872 2020 autem

592 2053 863 2168 embryonem
890 2051 1037 2148 ambit,
1100 2074 1141 2131 ur
1169 2049 1266 2136 tuba
1293 2048 1510 2136 instructus
1540 2041 1765 2157 compressa
1792 2042 1869 2126 sin.

589 2192 673 2286 qua
693 2165 850 2260 evadit,
880 2075 1186 2276 unicapfirsaris.
1213 2166 1312 2249 Hac
1334 2189 1406 2275 per
1436 2159 1709 2244 maturitatem
1729 2153 1868 2240 exsuc-

578 2279 650 2388 ¹cis
679 2271 793 2360 fastis
823 2273 976 2358 fibrillis
1005 2273 1051 2356 δέ
1080 2271 1285 2367 utriculis,
1314 2275 1495 2385 aperitur
1525 2267 1739 2369 bifariam3
1767 2285 1867 2350 tunc

593 2389 731 2472 a'utem
758 2384 784 2467 [ι
814 2381 918 2496 quid
947 2383 1132 2467 humoris
1162 2384 1204 2461 in
1232 2379 1418 2492 placenta
1448 2383 1679 2492 reperitur,
1698 2377 1870 2464 admistis,

592 2493 761 2578 sole&
790 2519 902 2584 aere,
931 2491 1195 2588 exsiccatum
1223 2518 1352 2604 quare
1381 2493 1530 2578 semina
1558 2491 1777 2605 sphaerica,
1819 2485 1875 2578 &.

593 2605 713 2720 nigra
740 2601 894 2691 suomet
921 2602 1110 2716 pondere
1138 2602 1190 2686 ad
1220 2623 1370 2688 terram
1397 2601 1668 2690 delabuntur.

646 2716 794 2828 Cytistas
813 2715 970 2824 glaber,
999 2723 1186 2824 nigricans
1214 2716 1261 2796 C.
1288 2717 1330 2796 B.
1359 2726 1438 2799 Pin·
1470 2723 1545 2824 390'
1562 2775 1573 2808 ,
1588 2714 1633 2798 δέ
1660 2703 1867 2800 Tournef.

598 2865 602 2874 ·
703 2829 782 2936 Inss.
812 2829 861 2910 R.
888 2825 1001 2907 Herb.
1035 2823 1127 2930 648.
1155 2822 1298 2935 Cytifics
1331 2855 1381 2912 tv
1409 2821 1639 2935 Cius-Hrst.
1667 2851 1731 2932 95.
1871 2885 1875 2894 ·
1930 2854 1932 2860 ·

596 2995 599 3002 .
646 2936 819 3023 Ultimo·
845 2934 945 3028 loco
974 2935 1027 3020 de
1054 2935 1140 3018 hoc
1167 2936 1296 3047 Cytiss
1314 2937 1445 3023 'verba
1473 2932 1688 3023 faciamus.

649 3048 820 3132 Summis
847 3047 967 3128 ramis
997 3047 1039 3126 in
1067 3043 1215 3156 spicam
1242 3047 1384 3162 digesti
1425 3049 1682 3134 innascuntur
1709 3048 1867 3146 flores}

592 3163 762 3271 integro
790 3156 929 3271 calyce
961 3158 1168 3252 contenti,
1197 3184 1377 3272 quorum
1406 3157 1540 3272 petala
1595 3179 1744 3246 uatuor
1763 3159 1868 3260 sunt,

590 3271 637 3362 in
665 3265 927 3380 Papilionum
953 3267 1127 3386 figuram
1156 3269 1357 3382 expansa,
1387 3271 1486 3356 lutei
1517 3189 1700 3368 coion„
1739 3273 1870 3360 vexil«

590 3379 677 3468 lum
707 3381 819 3464 enim
846 3378 993 3465 sursum
1021 3379 1285 3491 explicatur,
1317 3383 1387 3470 alae
1416 3381 1604 3472 lateribus
1630 3382 1866 3481 adhaerent,

590 3493 729 3606 carina
759 3513 979 3588 curvatur,
1010 3492 1250 3610 excipitque
1278 3496 1547 3614 embryonem
1574 3498 1771 3612 vagina(
1796 3496 1865 3582 cui

590 3601 752 3690 summae
794 3603 894 3690 lutei
938 3605 1073 3715 apices
1104 3604 1339 3714 inhaerent)
1368 3609 1631 3697 involutum.
1658 3606 1865 3694 Scinditur

590 3739 728 3799 autem
754 3717 892 3801 carina
921 3717 963 3798 in
993 3709 1176 3800 inferiori
1207 3740 1344 3829 parte,
1373 3743 1420 3806 ut
1447 3747 1730 3838 congenerctun
1749 3739 1867 3807 natu*

592 3852 640 3908 ra
667 3825 745 3919 est,
776 3822 978 3926 bifariam,
1008 3827 1057 3912 ὅ(
1085 3825 1240 3914 duabus
1271 3831 1454 3944 partibus
1476 3829 1740 3947 receptaculo
1762 3859 1866 3917 con.

590 3937 800 4050 jungitur,
820 3938 981 4054 integra
991 3940 1150 4058 reliqua
1180 3965 1295 4054 parte
1313 3942 1369 4028 ‚us
1391 3972 1443 4032 ue
1471 3947 1523 4030 ad
1543 3945 1863 4032 summum.Hac

589 4047 909 4164 comprehensus
939 4049 1109 4182 embryo
1137 4049 1245 4140 suam
1272 3971 1433 4167 prosqert
1460 4055 1599 4142 tubam
1629 4060 1759 4179 (quae
1786 4083 1864 4169 per

589 4157 820 4280 supremtun
849 4163 996 4248 catinae
1021 4164 1179 4250 hiatum
1207 4165 1445 4280 egreditur)
1494 4165 1676 4284 villisque
1705 4169 1865 4254 circum
1956 4258 1958 4270 ,

588 4275 760 4395 quaque
786 4272 858 4392 fibi
893 4275 1023 4367 affixis
1052 4275 1259 4403 stipatur,
1299 4277 1654 4394 succomadidis,
1689 4305 1744 4362 ne
1770 4303 1870 4401 etun
1963 4333 1966 4339 -
