4130 5424
657 273 695 360 P
797 267 923 361 IM
944 262 1012 364 {s}
1047 277 1052 284 ’
1174 291 1181 302 ’
1350 307 1383 369 ι’
1446 273 1450 282 ’

198 399 271 489 dio
293 381 476 486 cortice}
501 384 630 478 veltin
644 269 819 474 albulno
831 389 1122 504 disponuntur.
1150 395 1325 497 Humor,
1342 315 1469 516 qslem

207 509 443 600 asservant,
471 503 515 584 in
543 501 733 585 omnibus
764 500 911 614 plantis
941 501 1128 590 dissimilis
1159 576 1168 592 .
1199 515 1315 597 Dum
1344 517 1469 626 copia

200 625 274 708 hic
310 619 471 704 laborat
499 660 526 711 ,·
550 635 621 740 aut
648 609 747 698 dum
788 642 812 696 a
859 609 1107 702 ferventibus
1138 618 1228 706 solis
1257 623 1380 710 radiis
1408 627 1470 712 ni-

200 737 329 822 mium
363 728 522 842 rapitur
560 752 602 806 rn
629 747 790 812 motum
819 727 1029 842 ‚impetu
1057 731 1231 843 parietes
1261 799 1272 833 ,
1315 735 1472 850 quibus¹

201 846 467 934 continetur,
497 835 738 950 disrumpit,
767 839 809 924 vi
838 832 947 922 foras
976 840 1216 957 spargitur:
1249 848 1350 934 hinc
1378 845 1470 952 resr.

204 983 287 1053 nae,
324 955 507 1072 gummi,
544 946 772 1064 lacrymae.
811 951 1040 1037 Hominum
1070 981 1245 1074 quoque
1274 958 1469 1044 industria

205 1063 309 1182 saepe
335 1067 446 1153 ferro
473 1063 718 1174 exprimitur
750 1119 762 1158 ,
793 1060 974 1148 &succi
1003 1063 1054 1148 ad
1084 1062 1197 1150 usum
1226 1067 1383 1152 nobiles
1412 1069 1467 1154 le-

203 1199 389 1300 guntur,
418 1192 465 1259 ut
489 1171 687 1258 Mastiche
714 1202 738 1257 a
767 1175 934 1285 Lentisco
959 1235 972 1272 ,
1000 1173 1230 1261 Galbanum
1259 1185 1469 1274 aferula,

197 1297 355 1378 Manna
392 1316 416 1370 a
452 1294 621 1369 fraxino
653 1343 666 1380 ,
703 1287 769 1368 Ex
805 1285 890 1370 hoc
918 1283 1041 1372 succo
1085 1287 1136 1372 ad
1161 1290 1286 1372 flores
1327 1288 1467 1374 delato

199 1400 284 1490 mel
310 1397 537 1486 conficiunt
562 1400 697 1507 Apes3
729 1423 782 1479 ex
808 1393 882 1479 illo
904 1424 1032 1494 vero,
1054 1398 1129 1514 qui
1149 1396 1202 1486 de
1219 1421 1373 1490 trumo
1391 1398 1469 1488 stil.

209 1511 301 1613 lat,
328 1535 464 1596 ceram
485 1565 498 1590 .
522 1506 631 1590 Hinc
661 1507 794 1619 perite
826 1507 1058 1623 Virgilius:
1156 1609 1158 1616 Α

426 1665 558 1692 ...μ-
582 1633 674 1699 Pars
699 1627 804 1701 intra
823 1615 934 1732 septa
961 1622 1155 1704 damasum

308 1735 462 1831 Narciffi
485 1734 685 1836 lacrymam
710 1789 723 1825 ,
752 1727 799 1823 ὠ
825 1735 971 1813 lentam
998 1736 1047 1818 de
1073 1741 1210 1842 corticg
1235 1737 1414 1850 gluten,

306 1857 435 1934 Prima
453 1842 569 1955 favis
592 1865 733 1958 ponant
752 1844 1014 1956 fundamina.
1467 1863 1470 1871 ’

196 1960 279 2050 Hie
309 1983 445 2047 autem
465 1950 604 2040 succus
626 1979 754 2071 quam
774 1953 1026 2068 precipuus,
1047 1982 1172 2076 quam
1191 1956 1320 2052 utilis,
1342 1981 1468 2074 quam

196 2071 438 2158 necessarius
465 2062 525 2161 sit,
553 2067 645 2182 quis
673 2062 762 2150 satis
791 2069 1064 2183 cognoverit?
1095 2069 1274 2158 Primum
1302 2065 1471 2180 advenis

196 2184 285 2274 enti
316 2184 368 2270 ab
397 2179 537 2266 radice
565 2177 733 2263 humori
762 2173 1009 2278 infirnditur,
1037 2179 1263 2298 munusque
1286 2176 1467 2292 praestat,

97 2297 100 2304 ’
197 2297 321 2414 quale
352 2293 438 2382 bilis
468 2292 511 2374 in
539 2288 747 2390 nonme,
787 2289 1037 2404 &proinde
1073 2295 1126 2380 ad
1159 2287 1314 2380 fruuus
1335 2355 1337 2360 .
1357 2289 1470 2376 serni-

197 2409 344 2526 nisque
357 2401 770 2495 consummationem,
790 2399 899 2486 &ad
913 2401 1030 2517 ipfius
1060 2403 1471 2518 plantaeaeincremcn·

196 2541 288 2608 tum
318 2515 539 2635 plurimum
565 2507 755 2600 confert:
786 2511 941 2600 deinde
969 2516 1090 2632 quod
1116 2513 1299 2629 plantam
1327 2512 1378 2602 ab
1400 2542 1470 2598 ae-

193 2634 249 2720 ris
277 2629 537 2717 inclementia
565 2647 735 2719 tuetur,
764 2651 861 2713 cum
886 2624 1017 2712 salinis
1048 2657 1096 2714 ac
1125 2623 1348 2739 sulphureis
1378 2651 1471 2740 par-

192 2745 303 2832 tibus
331 2737 378 2826 sat
405 2733 601 2831 refertus,
631 2732 780 2850 quibus
808 2730 973 2852 frigoris
1000 2740 1060 2826 vis
1088 2735 1470 2866 retunditur-potis·

193 2855 359 2942 sunum.
386 2845 752 2961 Qemadmodum
780 2846 1017 2936 membrana
1039 2846 1204 2965 adiposa
1223 2849 1267 2933 in
1287 2873 1470 2940 amman-

193 2967 305 3053 tibus
334 2961 385 3047 ab
416 2961 519 3043 aeris
547 2955 704 3070 iniuriis
732 2957 885 3045 viscera
912 2956 1117 3058 defendit,
1145 2991 1196 3046 ac
1222 2957 1359 3053 fovet.

253 3079 351 3163 Hoc
379 3093 515 3160 autern
540 3070 583 3152 in
612 3067 714 3153 loco
742 3094 805 3154 res
833 3069 1051 3171 admonet,
1076 3099 1152 3170 ne,
1181 3095 1227 3162 ut
1253 3071 1472 3171 caterbfi·

195 3183 329 3276 lentio
349 3204 610 3300 preteream,
669 3180 896 3270 mrauone
924 3181 976 3270 ab
999 3183 1200 3272 radicibus
1229 3185 1274 3270 in
1295 3182 1470 3283 caulem,

196 3299 366 3386 acaule
409 3297 453 3379 in
479 3295 637 3380 radices
697 3291 851 3380 umoris
891 3297 1175 3412 reciprocatio
1213 3299 1470 3411 contingat,

192 3415 327 3524 ⁸Cuius
356 3406 523 3526 quidem
550 3405 832 3519 disputationis
869 3409 981 3496 ratio
1019 3401 1221 3521 &paulo
1259 3438 1314 3495 co
1345 3404 1471 3494 iosroa·

196 3523 289 3620 est,
316 3549 440 3640 quam
468 3541 514 3604 ut
541 3519 680 3632 paucis
710 3525 793 3622 (ut
821 3541 895 3628 par
923 3517 1015 3628 est)
1045 3516 1274 3616 absolvam,
1369 3515 1471 3606 mul·

172 3646 245 3724 ‘to
275 3628 517 3726 obstrusior,
538 3657 633 3716 carm
660 3625 761 3713 nihil
788 3626 839 3715 ab
850 3630 1092 3718 Austoribus
1103 3627 1231 3742 supet
1258 3629 1339 3718 hac
1357 3657 1471 3750 quae-

194 3749 330 3836 -stione
351 3768 371 3840 ,·
392 3743 512 3861 quod
540 3741 662 3828 nobis
692 3739 947 3860 sequendum
975 3767 1291 3856 proponamus,
1328 3739 1470 3855 prodi·

192 3883 293 3950 tum
320 3858 382 3943 sit.
414 3854 598 3951 Etenim,
625 3849 652 3938 sr
680 3855 791 3967 apud
818 3853 1088 3940 Anatomicos
1117 3873 1183 3940 tot
1210 3852 1470 3968 disceptatio.

192 3972 316 4058 nibus
345 3969 416 4054 diu
445 3963 757 4053 controversum
783 3959 897 4062 suit,
926 3965 1074 4086 quibus
1103 3965 1179 4054 viis
1206 3962 1377 4085 sanguis·
1394 3991 1469 4078 per

191 4084 363 4171 arterias
392 4077 672 4190 impelleretur
714 4077 758 4162 in
785 4103 946 4176 venas,
983 4099 1029 4164 ut
1055 4076 1186 4166 rursus
1225 4079 1270 4162 in
1298 4078 1467 4160 arterias

192 4195 378 4286 rediret,
417 4192 605 4310 quamvis
637 4221 663 4278 a
688 4187 941 4276 solertissimis
979 4190 1076 4278 viris
1105 4209 1239 4284 tanta,
1267 4185 1313 4274 &a
1340 4185 1467 4288 talla,

193 4333 288 4427 quo
314 4302 443 4425 magis
472 4325 599 4420 atque
616 4301 756 4422 'tnagis
776 4325 842 4420 aes
861 4299 1007 4416 plana,
1031 4298 1254 4504 ὅὲαρεῐω
1279 4297 1470 4390 reddere·

244 4467 251 4478 ·
1323 4431 1413 4511 sur,
