4088 5412
635 231 723 308 2⁷⁶
853 195 1559 318 orsannrarro

558 333 626 424 'dis
649 309 754 416 <isatis
774 364 789 428 ;
818 353 913 410 nam
934 322 985 407 ad
1005 318 1217 405 interioris'
1237 315 1393 404 ordinis
1420 319 1598 438 angulos
1619 387 1632 424 ,
1662 335 1850 424 exterior

560 365 809 534 imhricatun
838 435 1099 554 apponitur.
1138 433 1236 516 Haec
1259 427 1408 548 calycis
1443 429 1590 520 foliola
1614 447 1847 537 extrorsum

562 558 842 648 inclinantur,
872 549 919 636 ὅ(
940 541 1124 662 calycem
1144 535 1437 656 pelvifonnem
1480 549 1676 639 efficiunt.
1713 557 1850 646 Flores

561 696 695 788 porro
717 665 956 756 interiores,
985 661 1028 741 in
1052 655 1203 742 discum
1214 651 1402 753 collecti,
1429 653 1849 785 flosculosrsuntpro..

561 783 653 900 prie
678 777 802 875 disti,
830 802 926 860 nam
948 772 1074 859 unico
1087 765 1276 854 constant
1287 765 1452 882 petalo,
1481 775 1603 892 quod
1625 778 1667 863 in
1680 808 1768 866 uno
1780 813 1849 872 ex-

563 919 698 983 tremo
719 887 918 976 intubum
938 879 1196 971 contrahitur
1218 939 1229 976 ,
1268 907 1358 1080 egro
1381 883 1600 1004 ernbryoni
1632 893 1846 1008 affigitur,

567 1008 699 1096 altero
724 1001 973 1112 expanditur
996 993 1117 1080 instar
1128 987 1286 1079 infundi
1319 987 1375 1082 uli
1394 993 1576 1086 desinens
1591 1002 1632 1085 in
1652 1009 1846 1124 quinque

565 1139 725 1236 partes.
754 1110 889 1200 Color
912 1111 1067 1204 horum
1084 1102 1242 1194 florum
1264 1102 1420 1214 luteus5
1451 1113 1580 1199 Lutea
1602 1119 1844 1231 quoqueest

567 1230 719 1348 vagina
739 1228 783 1308 in
807 1222 1066 1320 extremitate
1088 1215 1319 1317 multifida,
1354 1246 1446 1420 flua
1465 1223 1573 1312 tuboe
1603 1228 1720 1314 luteae
1739 1258 1842 1316 con-

568 1345 760 1430 tinentur
783 1404 791 1422 .
818 1337 1072 1454 Ernbryones
1097 1359 1227 1448 porro
1251 1355 1335 1420 tam
1392 1332 1625 1426 osculorum
1648 1368 1772 1460 quarn
1789 1343 1843 1428 se-

568 1449 897 1542 millosculorum
917 1445 1119 1533 insemina
1140 1445 1328 1534 crescunt
1348 1446 1558 1566 oblonga,
1573 1451 1621 1537 &
1642 1451 1844 1568 compres-

568 1569 608 1653 sa
627 1570 669 1650 in
692 1565 847 1651 conico
872 1559 1054 1646 thalamo
1080 1553 1230 1671 posita,
1260 1555 1355 1646 exili
1380 1561 1576 1675 lanugine
1607 1564 1771 1662 mollia,
1796 1591 1847 1650 ne

568 1701 720 1768 mutuo
741 1672 994 1768 adhaereant,
1024 1669 1142 1758 nullis
1167 1671 1313 1785 pappis
1333 1697 1402 1762 aut
1424 1669 1597 1792 squamis
1617 1677 1685 1763 vel
1708 1679 1762 1761 ad
1783 1677 1850 1763 fir·

568 1789 741 1882 mandos
768 1780 898 1871 flores
926 1781 997 1870 sthi
1025 1780 1242 1898 apposatis,
1269 1782 1358 1884 vel,
1387 1809 1437 1876 ut.
1461 1788 1570 1872 inter
1597 1785 1844 1876 sediscrimi«

569 1925 741 1993 nentur,
771 1893 953 1982 thalamo
982 1895 1182 2011 adicitis.

579 2055 582 2062 ·
626 2008 814 2097 Nascitur
843 2005 973 2126 vulgo
1001 2011 1044 2094 in
1074 2013 1221 2124 pratia,
1249 2012 1294 2096 in
1322 2014 1515 2130 compitis
1543 2036 1636 2104 tum
1662 2016 1707 2098 in
1733 2009 1849 2098 colli-

571 2153 627 2210 na
655 2148 743 2211 tuin
771 2122 815 2205 in
843 2120 1056 2236 campestri
1083 2123 1259 2240 regione
1286 2120 1385 2212 fitis.

573 2243 636 2324 Ita
663 2235 752 2322 haec
781 2233 908 2320 altera

628 2351 682 2435 ll.
709 2351 827 2432 Bellis
836 2345 1054 2458 sylvestris,
1083 2357 1207 2436 minor
1229 2353 1277 2442 G.
1300 2357 1344 2438 B.
1366 2362 1453 2439 Pin.
1479 2359 1571 2437 260.
1591 2415 1603 2450 ,
1648 2348 1850 2444 Tourncf·

684 2461 768 2568 Inst.
788 2463 836 2545 R.
855 2459 970 2543 Herb.
989 2487 1109 2568 491.,
1136 2463 1185 2546 &
1212 2463 1383 2547 Tabern.
1404 2480 1495 2548 Iton.
1518 2463 1607 2572 328.

577 2593 672 2690 quae
697 2563 989 2658 semislosculos
1018 2572 1212 2658 candidos
1242 2595 1356 2662 totos
1385 2571 1533 2661 habet.

633 2682 830 2800 Utraque
859 2685 903 2770 in
931 2683 1043 2772 usum
1069 2683 1284 2780 Medicum
1306 2712 1475 2804 recepta
1497 2683 1555 2772 est
1577 2747 1588 2772 .
1614 2685 1689 2771 Vis
1712 2709 1855 2778 earum

575 2795 631 2884 ad
647 2797 936 2912 aperiendum,
964 2795 1253 2898 incidendum,
1273 2799 1659 2914 discutiendumque
1679 2793 1853 2916 insignis.

578 2913 690 2996 Cum
716 2940 818 2997 vero
849 2913 901 2998 ad
929 2906 1057 2996 multa
1085 2907 1379 3014 celebrentur,
1407 2935 1558 3004 contra
1587 2911 1765 3024 postoris
1795 2911 1855 2998 vl,

578 3025 660 3116 tia,
689 3022 876 3112 adversus
904 3019 1077 3136 spirandi
1103 3019 1384 3107 difficultatem
1406 3027 1455 3114 &
1477 3023 1605 3111 tussrm
1631 3023 1856 3135 praecipuas

578 3136 766 3248 cognovi
778 3171 793 3233 ,·
820 3135 952 3223 salinae
977 3132 1109 3227 enina,
1138 3127 1288 3247 quibus
1316 3128 1477 3221 refertar
1504 3132 1616 3227 sunt,
1645 3131 1860 3246 particulae

578 3241 802 3338 haerentem
830 3251 942 3336 circa
969 3240 1059 3334 vasa
1097 3265 1264 3332 naucum
1303 3239 1557 3339 dissolvunt,
1594 3241 1863 3361 libenrrnque

578 3355 664 3444 aeri
694 3357 747 3444 ad
775 3358 968 3450 vehculas
1027 3352 1277 3444 uhnonarias
1307 3358 1462 3446 aditum
1490 3353 1695 3471 praebent,
1717 3355 1766 3440 &
1792 3385 1864 3446 ve-

585 3467 754 3559 licantia
794 3379 1036 3588 corpuscula
1074 3466 1125 3556 ab
1164 3470 1337 3555 internis
1369 3466 1681 3560 bronchialibus
1712 3468 1860 3568 tunicis

584 3579 811 3682 abradunt,
839 3613 972 3703 quare
999 3581 1225 3696 respirandi
1254 3583 1543 3680 incommoda,
1572 3577 1621 3666 &
1642 3577 1744 3667 tulhs
1769 3607 1866 3666 cau-

582 3693 622 3783 sa
651 3696 874 3784 tolluntur.
902 3694 969 3780 Ad
995 3693 1199 3810 sanguinis
1228 3713 1408 3812 quoque
1430 3721 1592 3785 motum
1610 3716 1865 3806 promoven-

586 3803 686 3894 dum
715 3807 939 3921 plurimum
965 3805 1155 3906 faciunt,
1194 3836 1289 3896 cum
1320 3805 1489 3920 viscidae¹
1519 3805 1698 3929 lymphae
1728 3825 1863 3918 partes

585 3917 866 4020 irretiuntur,-
903 3920 1154 4013 remorantia
1192 3922 1299 4008 mian
1346 3951 1367 4011 a
1397 3943 1521 4040 tergo
1549 3915 1788 4031 impellunt,
1818 3916 1865 4004 &

586 4033 821 4130 coeuntia,
858 4029 897 4122 se
936 4033 974 4120 se
1013 4035 1118 4120 inter
1158 4055 1294 4149 partes
1323 4031 1373 4120 ἃ
1402 4059 1538 4150 partes
1567 4030 1867 4125 immittendo,

587 4145 862 4272 dithrngunt,
903 4143 951 4233 &
978 4141 1220 4237 dissolvunt.
1263 4152 1541 4350 Qragropter
1567 4145 1770 4262 aptilsnnae
1796 4137 1872 4222 ha-

1376 4259 1586 4386 euritiss,
1621 4255 1674 4384 &⁸
1704 4256 1745 4336 in
1781 4249 1875 4338 alii's

591 4251 741 4350 hentur
769 4285 814 4344 an
840 4261 1226 4378 peripneumonia,
1258 4265 1359 4384 inp
1628 4363 1634 4374 ,
1662 4365 1733 4461 mfl

1105 4433 1110 4445 .
1738 4392 1821 4459 am-
