4120 5414
394 1780 482 1851 'rab-
504 1775 565 1848 Xl.

425 1861 546 1932 Partl.

660 231 741 320 188
875 213 1582 311 AntTHoLoGJAE

588 341 789 468 dignitete
817 340 990 427 scribere
1020 335 1206 450 posl'em3
1237 355 1401 430 tamen,
1429 354 1476 418 ut
1504 333 1768 421 inconditum
1797 331 1867 422 ali-

591 458 710 580 quod
742 476 867 572 atque
896 447 1090 539 acerbum
1118 446 1394 542 emitteretur,
1423 443 1619 557 expedire
1650 451 1866 568 cognovi,

591 571 746 690 nequid
767 563 1117 682 praetermittendo
1128 555 1366 644 discentium
1378 557 1608 642 commodis
1631 583 1759 677 atque
1789 589 1869 650 vo-

591 679 739 799 luptati
760 676 888 768 deell'e
907 675 1091 769 viderer.
1119 677 1260 791 Itaque
1280 673 1392 758 hunc
1415 669 1575 758 librum
1586 671 1743 782 adjeci,
1773 700 1864 793 quo

591 793 719 882 multa
747 823 771 878 a
798 783 1100 879 Tournefortio
1130 807 1200 869 aut
1228 809 1319 869 non
1338 784 1448 869 reste
1468 788 1642 883 tradita,
1672 809 1744 873 aut
1764 811 1866 898 prae.

592 904 766 1004 tennillfa
795 929 875 1016 pro
888 930 995 988 »mea
1021 895 1212 984 facultate
1240 895 1474 993 restituere,
1502 920 1629 1015 atque
1650 895 1864 986 elaborare

590 1016 676 1104 sum
704 1035 896 1103 conatus.
926 1011 1139 1125 Principio
1167 1029 1304 1094 autem
1335 1011 1408 1112 (ut
1436 1015 1519 1122 jam
1547 1009 1710 1099 initium
1737 1036 1866 1126 expe.

591 1129 740 1236 diam)
769 1127 855 1213 duo
883 1127 1034 1213 florum
1091 1148 1214 1210 encra
1242 1119 1558 1238 constituimus,
1598 1149 1782 1242 quorum
1808 1121 1865 1208 al-

593 1260 686 1325 tero
714 1241 861 1324 florem
889 1149 1206 1352 imperfeirum,
1234 1230 1367 1318 altero
1396 1236 1625 1348 perleoium
1653 1233 1866 1352 complexi

591 1349 746 1439 sumus.
776 1346 1068 1467 Imperfectum
1095 1347 1209 1434 illum
1235 1374 1459 1443 vocamus,
1488 1347 1561 1467 qui
1580 1346 1680 1437 tuba
1701 1371 1866 1445 tantum

591 1461 824 1582 plerunque
851 1459 1044 1556 constat,
1081 1459 1236 1549 summo
1273 1459 1501 1564 embrvoni
1530 1461 1649 1547 affixa
1668 1506 1682 1562 ,1
1718 1459 1864 1578 petalis

592 1597 731 1663 autern
759 1596 892 1671 caret,
921 1573 1148 1694 aliquando
1176 1571 1300 1658 etiam
1326 1565 1558 1662 staminibus
1586 1573 1865 1692 apicibusque,

593 1711 641 1776 ut
668 1690 757 1776 sunt
783 1688 906 1772 flores
933 1696 1131 1800 puerperi,
1159 1687 1345 1799 lentisci,
1372 1689 1730 1800 Anonymderdrir
1758 1689 1864 1801 saepe

590 1798 638 1886 &
666 1796 806 1914 calyce
837 1799 1042 1913 privatur,
1072 1797 1188 1886 utin
1216 1803 1449 1885 Mercuriali
1464 1802 1674 1912 testiculae
1683 1800 1769 1912 five
1783 1833 1864 1886 nra

396 1943 572 2032 fig-19&
591 1944 635 1998 re
663 1912 895 2025 Dioscoridir
922 1910 968 2008 ῥ’
993 1913 1116 1997 Plinii
1151 1911 1204 2004 C.
1230 1915 1274 1996 B.
1301 1919 1383 2000 Pir.
1417 1940 1524 2010 121,
1561 1913 1606 1997 in
1627 1912 1864 2000 'Mercuriale'

599 2049 794 2119 montane,
821 2027 1031 2135 teslicrelete
1061 2026 1110 2108 C.
1137 2026 1179 2109 B.
1208 2032 1290 2109 Pirr.
1323 2053 1430 2121 122,
1458 2023 1501 2107 in
1528 2035 1722 2145 ‘juniperis
1740 2027 1866 2138 fertis

593 2139 716 2234 libus,
744 2135 786 2217 in
810 2139 1015 2249 lentiscis,
1043 2145 1203 2233 Meris,
1231 2136 1448 2232 salicibus,
1476 2141 1655 2264 Populis,
1682 2151 1718 2221 T
1718 2138 1867 2224 erebin*

593 2250 673 2354 ibis
688 2250 933 2367 stelliferis.
970 2248 1175 2362 Sunt'qui
1202 2243 1330 2366 longe
1357 2245 1643 2338 a'stamlnibus
1672 2247 1869 2364 apicibus*

594 2388 681 2482 que
710 2356 961 2458 naseuntur,
990 2383 1037 2445 ut
1065 2362 1107 2443 in
1135 2376 1287 2472 Meyx,
1315 2361 1549 2478 Lecrymejob
1579 2421 1593 2460 ,
1639 2371 1864 2476 Spargene'e,

592 2476 762 2566 serula,
789 2491 920 2586 rego,
948 2483 1138 2588 carpino.
1181 2467 1417 2588 Plerunqne
1444 2493 1581 2556 tamen
1607 2469 1869 2578 staminibusl

588 2577 810 2710 apicibus,
848 2612 898 2672 ac
926 2580 1068 2710 calyce
1094 2581 1304 2683 donatur,
1342 2578 1484 2698 quales
1512 2579 1601 2670 sint
1626 2585 1747 2670 flores
1776 2581 1870 2670 stir-

401 2042 447 2098 20

592 2723 711 2814 ptum
737 2697 976 2795 Cerealium,
1002 2705 1137 2800 clanei,
1165 2709 1321 2811 cyperi,
1348 2697 1579 2814 Cherropedii
1589 2762 1598 2782 .
1625 2698 1705 2783 Hic
1726 2715 1869 2788 autem

591 2811 668 2940 flos
691 2805 846 2925 semper
865 2803 1085 2900 socundus
1108 2805 1187 2908 est,
1215 2833 1311 2900 nam
1327 2805 1483 2924 semper
1503 2811 1772 2930 embryonem
1792 2833 1870 2951 req

589 2943 778 3010 misatur.
1489 3009 1494 3018 .

648 3027 859 3158 l'erfeoius
889 3055 1026 3129 autem
1050 3031 1127 3124 llos
1156 3033 1225 3129 ille
1252 3035 1330 3135 est,
1360 3037 1434 3158 qui
1460 3033 1686 3130 minimum
1700 3031 1769 3130 vel
1796 3057 1872 3152 pu)

593 3140 685 3238 talrs
713 3144 761 3232 &
787 3148 886 3238 tuba
915 3147 1097 3250 constat,
1123 3145 1412 3246 srfoecundus',
1452 3171 1498 3238 ut
1535 3143 1784 3238 sernifloseuli
1820 3149 1872 3242 iu

590 3259 736 3372 Astera,
768 3260 952 3365 purbee,
979 3274 1161 3350 Deronico
1173 3324 1185 3360 ,
1212 3275 1248 3344 T
1248 3267 1454 3378 affligire,
1481 3264 1668 3365 Bellide3
1697 3256 1764 3350 vel
1793 3285 1875 3375 peae

592 3369 681 3466 talis
709 3394 891 3476 tantum,
918 3374 946 3462 sr
969 3373 1132 3473 sterilis,
1162 3397 1208 3462 ut
1225 3372 1471 3463 semiflosenli
1492 3384 1627 3486 cyrri,
1655 3377 1872 3500 cymiliis,

592 3497 812 3600 perterrii.
840 3495 956 3602 Saepe
985 3507 1074 3575 turn
1100 3489 1145 3571 in
1165 3480 1371 3585 foecundis
1393 3488 1544 3578 tum-in
1567 3483 1765 3585 sterilrbus
1787 3483 1867 3580 lta,

590 3597 701 3684 mina
728 3587 943 3719 apicesque
970 3598 1269 3715 reperiuntur,·
1297 3603 1339 3687 in
1365 3596 1568 3690 foecundis
1597 3597 1788 3718 quidem,
1815 3615 1867 3688 ut

592 3705 803 3810 inumera
813 3773 826 3811 ‚
853 3711 1043 3816 Acantho,
1072 3714 1349 3827 Merdregere,
1378 3716 1562 3833 Geleopss5
1593 3715 1637 3799 in
1664 3707 1865 3798 sterilibus

592 3843 722 3918 vem,
750 3846 797 3908 ut
824 3846 1052 3914 occurrunt
1078 3823 1201 3910 flores
1230 3835 1325 3912 Orri
1336 3829 1518 3938 sterilis,
1558 3827 1759 3936 Lychnidis
1782 3819 1866 3931 viso,

592 3929 673 4044 rese
691 3933 792 4050 flere
807 3935 974 4048 muscoso,
1005 3937 1205 4050 majusculo
1232 3967 1307 4052 que
1321 3939 1472 4051 sterilis
1499 3941 1547 4022 C.
1574 3942 1617 4022 B.
1644 3947 1726 4016 Pir.
1749 3935 1864 4026 ‘2062'

591 4054 791 4152 ᾼννιρήὲ,
820 4059 1014 4147 limeris,
1042 4057 1202 4152 citrei,
1229 4062 1402 4154 Punice,
1432 4051 1480 4137 &
1506 4043 1869 4152 Cecurlr‘racerrrrrq'

591 4157 784 4276 stirpium
809 4157 963 4253 steriles
990 4161 1139 4249 flores.

1708 4378 1813 4498 ‚Q
