<?xml version="1.0" encoding="UTF-8"?>
<!DOCTYPE html PUBLIC "-//W3C//DTD XHTML 1.0 Transitional//EN"
    "http://www.w3.org/TR/xhtml1/DTD/xhtml1-transitional.dtd">
<html xmlns="http://www.w3.org/1999/xhtml" xml:lang="en" lang="en">
 <head>
  <title>
</title>
<meta http-equiv="Content-Type" content="text/html;charset=utf-8" />
  <meta name='ocr-system' content='tesseract 3.04.00' />
  <meta name='ocr-capabilities' content='ocr_page ocr_carea ocr_par ocr_line ocrx_word'/>
</head>
<body>
  <div class='ocr_page' id='page_1' title='image "./juliipontederae00manfgoog_0628.png"; bbox 0 0 4088 5412; ppageno 0'>
   <div class='ocr_carea' id='block_1_1' title="bbox 185 173 1574 3548">
    <p class='ocr_par' dir='ltr' id='par_1_1' title="bbox 201 173 1494 2435">
     <span class='ocr_line' id='line_1_1' title="bbox 550 173 1427 300; baseline 0.007 -30"><span class='ocrx_word' id='word_1_1' title='bbox 550 173 1139 272; x_wconf 76' lang='lat' dir='ltr'><em>U‘NDECIMA.</em></span> <span class='ocrx_word' id='word_1_2' title='bbox 1340 205 1427 300; x_wconf 72' lang='lat'><em>279</em></span> 
     </span>
     <span class='ocr_line' id='line_1_2' title="bbox 214 295 1494 423; baseline 0.003 -33"><span class='ocrx_word' id='word_1_3' title='bbox 214 303 329 423; x_wconf 78' lang='lat' dir='ltr'><strong>prius</strong></span> <span class='ocrx_word' id='word_1_4' title='bbox 358 301 425 390; x_wconf 86' lang='lat' dir='ltr'><em>est.</em></span> <span class='ocrx_word' id='word_1_5' title='bbox 445 295 526 388; x_wconf 81' lang='lat' dir='ltr'><em>flos</em></span> <span class='ocrx_word' id='word_1_6' title='bbox 563 323 706 384; x_wconf 83' lang='lat' dir='ltr'><strong>aureus</strong></span> <span class='ocrx_word' id='word_1_7' title='bbox 735 357 747 394; x_wconf 95' lang='lat'>,</span> <span class='ocrx_word' id='word_1_8' title='bbox 778 321 906 410; x_wconf 84' lang='lat' dir='ltr'><em>quem</em></span> <span class='ocrx_word' id='word_1_9' title='bbox 939 298 1106 396; x_wconf 84' lang='lat' dir='ltr'><em>amittit,</em></span> <span class='ocrx_word' id='word_1_10' title='bbox 1137 295 1327 388; x_wconf 82' lang='lat' dir='ltr'><em>&amp;alteri</em></span> <span class='ocrx_word' id='word_1_11' title='bbox 1360 310 1494 410; x_wconf 77' lang='lat' dir='ltr'><em>cedit,</em></span> 
     </span>
     <span class='ocr_line' id='line_1_3' title="bbox 212 405 1492 534; baseline -0.003 -34"><span class='ocrx_word' id='word_1_12' title='bbox 212 441 359 534; x_wconf 80' lang='lat' dir='ltr'><em>‚neque</em></span> <span class='ocrx_word' id='word_1_13' title='bbox 379 413 648 502; x_wconf 66' lang='lat' dir='ltr'><em>uncantheno</em></span> <span class='ocrx_word' id='word_1_14' title='bbox 675 407 813 497; x_wconf 78' lang='lat' dir='ltr'>albus.</span> <span class='ocrx_word' id='word_1_15' title='bbox 839 405 929 492; x_wconf 85' lang='lat' dir='ltr'><strong>Alia</strong></span> <span class='ocrx_word' id='word_1_16' title='bbox 957 409 1099 528; x_wconf 79' lang='lat' dir='ltr'><strong>itaque</strong></span> <span class='ocrx_word' id='word_1_17' title='bbox 1118 407 1229 528; x_wconf 82' lang='lat' dir='ltr'><em>figna</em></span> <span class='ocrx_word' id='word_1_18' title='bbox 1251 422 1492 530; x_wconf 57' lang='lat' dir='ltr'><em>excogitan·</em></span> 
     </span>
     <span class='ocr_line' id='line_1_4' title="bbox 214 509 1492 650; baseline -0.005 -36"><span class='ocrx_word' id='word_1_19' title='bbox 214 527 273 615; x_wconf 82' lang='lat' dir='ltr'><em>da</em></span> <span class='ocrx_word' id='word_1_20' title='bbox 292 529 404 626; x_wconf 81' lang='lat' dir='ltr'><em>sunt,</em></span> <span class='ocrx_word' id='word_1_21' title='bbox 432 555 526 647; x_wconf 86' lang='lat' dir='ltr'><em>quae</em></span> <span class='ocrx_word' id='word_1_22' title='bbox 546 521 623 608; x_wconf 82' lang='lat' dir='ltr'><em>lint</em></span> <span class='ocrx_word' id='word_1_23' title='bbox 648 518 810 637; x_wconf 82' lang='lat' dir='ltr'><strong>singulis</strong></span> <span class='ocrx_word' id='word_1_24' title='bbox 843 521 1017 635; x_wconf 80' lang='lat' dir='ltr'><strong>propria</strong></span> <span class='ocrx_word' id='word_1_25' title='bbox 1046 552 1059 624; x_wconf 85' lang='lat'>3</span> <span class='ocrx_word' id='word_1_26' title='bbox 1090 544 1161 610; x_wconf 80' lang='lat' dir='ltr'><em>aut</em></span> <span class='ocrx_word' id='word_1_27' title='bbox 1186 509 1397 650; x_wconf 78' lang='lat' dir='ltr'><em>utrunqtie</em></span> <span class='ocrx_word' id='word_1_28' title='bbox 1419 559 1492 648; x_wconf 88' lang='lat' dir='ltr'><em>ge..</em></span> 
     </span>
     <span class='ocr_line' id='line_1_5' title="bbox 216 630 1492 764; baseline -0.001 -41"><span class='ocrx_word' id='word_1_29' title='bbox 216 666 293 728; x_wconf 82' lang='lat' dir='ltr'><em>nus</em></span> <span class='ocrx_word' id='word_1_30' title='bbox 315 642 357 724; x_wconf 86' lang='lat' dir='ltr'><em>in</em></span> <span class='ocrx_word' id='word_1_31' title='bbox 379 667 506 732; x_wconf 85' lang='lat' dir='ltr'>unum</span> <span class='ocrx_word' id='word_1_32' title='bbox 529 634 913 752; x_wconf 83' lang='lat' dir='ltr'><em>cotnpingendum.</em></span> <span class='ocrx_word' id='word_1_33' title='bbox 946 630 1081 720; x_wconf 86' lang='lat' dir='ltr'><strong>Nobis</strong></span> <span class='ocrx_word' id='word_1_34' title='bbox 1105 636 1254 764; x_wconf 82' lang='lat' dir='ltr'><strong>igitur,</strong></span> <span class='ocrx_word' id='word_1_35' title='bbox 1278 663 1323 728; x_wconf 92' lang='lat' dir='ltr'><em>ut</em></span> <span class='ocrx_word' id='word_1_36' title='bbox 1349 663 1492 730; x_wconf 66' lang='lat' dir='ltr'><em>utrun⁴</em></span> 
     </span>
     <span class='ocr_line' id='line_1_6' title="bbox 214 745 1491 872; baseline 0 -32"><span class='ocrx_word' id='word_1_37' title='bbox 214 779 303 872; x_wconf 88' lang='lat' dir='ltr'><em>que</em></span> <span class='ocrx_word' id='word_1_38' title='bbox 357 782 472 843; x_wconf 86' lang='lat' dir='ltr'><em>¹enus.</em></span> <span class='ocrx_word' id='word_1_39' title='bbox 498 749 740 838; x_wconf 81' lang='lat' dir='ltr'>retineamus</span> <span class='ocrx_word' id='word_1_40' title='bbox 767 811 780 846; x_wconf 84' lang='lat'><strong>,</strong></span> <span class='ocrx_word' id='word_1_41' title='bbox 810 772 899 831; x_wconf 88' lang='lat' dir='ltr'><em>non</em></span> <span class='ocrx_word' id='word_1_42' title='bbox 928 745 1071 833; x_wconf 85' lang='lat' dir='ltr'><em>inutile</em></span> <span class='ocrx_word' id='word_1_43' title='bbox 1098 751 1298 850; x_wconf 78' lang='lat' dir='ltr'><em>videtur,</em></span> <span class='ocrx_word' id='word_1_44' title='bbox 1334 755 1378 838; x_wconf 88' lang='lat' dir='ltr'><em>id</em></span> <span class='ocrx_word' id='word_1_45' title='bbox 1410 783 1491 870; x_wconf 82' lang='lat' dir='ltr'><em>pro</em></span> 
     </span>
     <span class='ocr_line' id='line_1_7' title="bbox 212 781 1491 982; baseline -0.002 -32"><span class='ocrx_word' id='word_1_46' title='bbox 212 781 505 978; x_wconf 58' lang='lat' dir='ltr'><em>chrylnthemo</em></span> <span class='ocrx_word' id='word_1_47' title='bbox 532 857 725 948; x_wconf 88' lang='lat' dir='ltr'><em>constitui</em></span> <span class='ocrx_word' id='word_1_48' title='bbox 778 856 893 960; x_wconf 69' lang='lat' dir='ltr'><em>oss‘e,</em></span> <span class='ocrx_word' id='word_1_49' title='bbox 928 865 1026 974; x_wconf 83' lang='lat' dir='ltr'><em>qood</em></span> <span class='ocrx_word' id='word_1_50' title='bbox 1046 922 1058 957; x_wconf 89' lang='lat'>‚</span> <span class='ocrx_word' id='word_1_51' title='bbox 1086 895 1167 948; x_wconf 83' lang='lat' dir='ltr'><em>enno</em></span> <span class='ocrx_word' id='word_1_52' title='bbox 1187 889 1317 974; x_wconf 82' lang='lat' dir='ltr'><em>cotton</em></span> <span class='ocrx_word' id='word_1_53' title='bbox 1337 872 1409 952; x_wconf 86' lang='lat' dir='ltr'><em>illo</em></span> <span class='ocrx_word' id='word_1_54' title='bbox 1420 869 1491 982; x_wconf 59' lang='lat' dir='ltr'><em>ſset</em></span> 
     </span>
     <span class='ocr_line' id='line_1_8' title="bbox 210 977 1490 1095; baseline -0.004 -34"><span class='ocrx_word' id='word_1_55' title='bbox 210 990 344 1090; x_wconf 76' lang='lat' dir='ltr'><em>petius</em></span> <span class='ocrx_word' id='word_1_56' title='bbox 365 981 522 1095; x_wconf 77' lang='lat' dir='ltr'><em>expofito</em></span> <span class='ocrx_word' id='word_1_57' title='bbox 535 979 680 1090; x_wconf 66' lang='lat' dir='ltr'><em>fetat,v</em></span> <span class='ocrx_word' id='word_1_58' title='bbox 703 1005 726 1056; x_wconf 85' lang='lat' dir='ltr'><em>o</em></span> <span class='ocrx_word' id='word_1_59' title='bbox 751 981 1021 1063; x_wconf 78' lang='lat' dir='ltr'><em>Lentontloemo</em></span> <span class='ocrx_word' id='word_1_60' title='bbox 1043 977 1282 1091; x_wconf 79' lang='lat' dir='ltr'><em>disjungatur</em></span> <span class='ocrx_word' id='word_1_61' title='bbox 1292 980 1410 1092; x_wconf 83' lang='lat' dir='ltr'><strong>foliis</strong></span> <span class='ocrx_word' id='word_1_62' title='bbox 1431 986 1490 1066; x_wconf 79' lang='lat' dir='ltr'><em>dt.</em></span> 
     </span>
     <span class='ocr_line' id='line_1_9' title="bbox 210 1085 1490 1202; baseline 0.005 -30"><span class='ocrx_word' id='word_1_63' title='bbox 210 1093 319 1201; x_wconf 76' lang='lat' dir='ltr'><em>vifis,</em></span> <span class='ocrx_word' id='word_1_64' title='bbox 342 1093 389 1178; x_wconf 90' lang='lat'><strong>&amp;</strong></span> <span class='ocrx_word' id='word_1_65' title='bbox 408 1088 724 1178; x_wconf 74' lang='lat' dir='ltr'><em>tencanthenum</em></span> <span class='ocrx_word' id='word_1_66' title='bbox 744 1085 911 1179; x_wconf 83' lang='lat' dir='ltr'><strong>viciffim</strong></span> <span class='ocrx_word' id='word_1_67' title='bbox 932 1089 1040 1202; x_wconf 75' lang='lat' dir='ltr'><em>foliis</em></span> <span class='ocrx_word' id='word_1_68' title='bbox 1068 1096 1231 1200; x_wconf 83' lang='lat' dir='ltr'><em>integris</em></span> <span class='ocrx_word' id='word_1_69' title='bbox 1250 1095 1321 1173; x_wconf 84' lang='lat' dir='ltr'><em>vel</em></span> <span class='ocrx_word' id='word_1_70' title='bbox 1339 1117 1490 1184; x_wconf 78' lang='lat' dir='ltr'><em>tontum</em></span> 
     </span>
     <span class='ocr_line' id='line_1_10' title="bbox 211 1197 1489 1398; baseline 0.004 -114"><span class='ocrx_word' id='word_1_71' title='bbox 211 1217 396 1300; x_wconf 82' lang='lat' dir='ltr'><em>coenetis,</em></span> <span class='ocrx_word' id='word_1_72' title='bbox 427 1202 839 1398; x_wconf 50' lang='lat' dir='ltr'><em>Bellideonsleonotque</em></span> <span class='ocrx_word' id='word_1_73' title='bbox 876 1197 1132 1326; x_wconf 72' lang='lat' dir='ltr'><em>teftreotibns</em></span> <span class='ocrx_word' id='word_1_74' title='bbox 1155 1264 1164 1282; x_wconf 92' lang='lat'><strong>.</strong></span> <span class='ocrx_word' id='word_1_75' title='bbox 1193 1203 1288 1286; x_wconf 87' lang='lat' dir='ltr'><em>Hoc</em></span> <span class='ocrx_word' id='word_1_76' title='bbox 1308 1205 1421 1288; x_wconf 87' lang='lat' dir='ltr'><em>enim</em></span> <span class='ocrx_word' id='word_1_77' title='bbox 1444 1204 1489 1290; x_wconf 50' lang='grc' dir='ltr'><em>[ιφ</em></span> 
     </span>
     <span class='ocr_line' id='line_1_11' title="bbox 208 1310 1488 1430; baseline 0.004 -34"><span class='ocrx_word' id='word_1_78' title='bbox 208 1341 340 1430; x_wconf 81' lang='lat' dir='ltr'><em>gnum</em></span> <span class='ocrx_word' id='word_1_79' title='bbox 358 1313 594 1404; x_wconf 84' lang='lat' dir='ltr'><em>volentibus</em></span> <span class='ocrx_word' id='word_1_80' title='bbox 647 1310 767 1424; x_wconf 63' lang='lat' dir='ltr'><em>ilpere</em></span> <span class='ocrx_word' id='word_1_81' title='bbox 785 1313 939 1402; x_wconf 83' lang='lat' dir='ltr'><strong>firmius</strong></span> <span class='ocrx_word' id='word_1_82' title='bbox 965 1311 1163 1396; x_wconf 84' lang='lat' dir='ltr'><em>inhaerere</em></span> <span class='ocrx_word' id='word_1_83' title='bbox 1186 1311 1287 1398; x_wconf 81' lang='lat' dir='ltr'><strong>inihi</strong></span> <span class='ocrx_word' id='word_1_84' title='bbox 1310 1317 1488 1412; x_wconf 79' lang='lat' dir='ltr'><em>videtur,</em></span> 
     </span>
     <span class='ocr_line' id='line_1_12' title="bbox 209 1419 1488 1544; baseline 0 -32"><span class='ocrx_word' id='word_1_85' title='bbox 209 1453 339 1543; x_wconf 81' lang='lat' dir='ltr'><strong>quam</strong></span> <span class='ocrx_word' id='word_1_86' title='bbox 357 1424 515 1523; x_wconf 81' lang='lat' dir='ltr'>florum</span> <span class='ocrx_word' id='word_1_87' title='bbox 535 1427 710 1515; x_wconf 78' lang='lat' dir='ltr'><em>varietas</em></span> <span class='ocrx_word' id='word_1_88' title='bbox 733 1452 826 1544; x_wconf 81' lang='lat' dir='ltr'><em>quae</em></span> <span class='ocrx_word' id='word_1_89' title='bbox 849 1449 916 1512; x_wconf 93' lang='lat' dir='ltr'><em>tot</em></span> <span class='ocrx_word' id='word_1_90' title='bbox 934 1421 1038 1512; x_wconf 84' lang='lat' dir='ltr'>subit</span> <span class='ocrx_word' id='word_1_91' title='bbox 1058 1419 1307 1525; x_wconf 84' lang='lat' dir='ltr'><strong>discrimina,</strong></span> <span class='ocrx_word' id='word_1_92' title='bbox 1328 1428 1374 1514; x_wconf 86' lang='lat'>&amp;</span> <span class='ocrx_word' id='word_1_93' title='bbox 1394 1429 1488 1512; x_wconf 60' lang='lat' dir='ltr'><strong>inaea</strong></span> 
     </span>
     <span class='ocr_line' id='line_1_13' title="bbox 209 1535 1487 1655; baseline 0.001 -34"><span class='ocrx_word' id='word_1_94' title='bbox 209 1537 450 1654; x_wconf 82' lang='lat' dir='ltr'><em>qualitates.</em></span> <span class='ocrx_word' id='word_1_95' title='bbox 479 1545 629 1655; x_wconf 88' lang='lat' dir='ltr'>Neque</span> <span class='ocrx_word' id='word_1_96' title='bbox 661 1538 961 1633; x_wconf 81' lang='lat' dir='ltr'><em>Leocantheom&#39;,</em></span> <span class='ocrx_word' id='word_1_97' title='bbox 990 1557 1063 1622; x_wconf 87' lang='lat' dir='ltr'><em>aut</em></span> <span class='ocrx_word' id='word_1_98' title='bbox 1088 1535 1374 1647; x_wconf 76' lang='lat' dir='ltr'><em>chryfinthemi</em></span> <span class='ocrx_word' id='word_1_99' title='bbox 1409 1549 1487 1624; x_wconf 75' lang='lat' dir='ltr'><strong>iio-</strong></span> 
     </span>
     <span class='ocr_line' id='line_1_14' title="bbox 209 1647 1489 1766; baseline 0.002 -34"><span class='ocrx_word' id='word_1_100' title='bbox 209 1651 318 1734; x_wconf 82' lang='lat' dir='ltr'><strong>mina</strong></span> <span class='ocrx_word' id='word_1_101' title='bbox 343 1679 419 1736; x_wconf 86' lang='lat' dir='ltr'><em>nos</em></span> <span class='ocrx_word' id='word_1_102' title='bbox 441 1673 648 1766; x_wconf 55' lang='lat' dir='ltr'><em>moverim</em></span> <span class='ocrx_word' id='word_1_103' title='bbox 675 1674 763 1732; x_wconf 88' lang='lat' dir='ltr'><em>non</em></span> <span class='ocrx_word' id='word_1_104' title='bbox 792 1651 905 1736; x_wconf 87' lang='lat' dir='ltr'><em>enim</em></span> <span class='ocrx_word' id='word_1_105' title='bbox 925 1647 1106 1733; x_wconf 81' lang='lat' dir='ltr'><strong>nominis</strong></span> <span class='ocrx_word' id='word_1_106' title='bbox 1134 1649 1281 1746; x_wconf 83' lang='lat' dir='ltr'><em>totio,</em></span> <span class='ocrx_word' id='word_1_107' title='bbox 1308 1647 1373 1738; x_wconf 85' lang='lat' dir='ltr'><em>sed</em></span> <span class='ocrx_word' id='word_1_108' title='bbox 1393 1679 1489 1765; x_wconf 58' lang='lat' dir='ltr'>par„</span> 
     </span>
     <span class='ocr_line' id='line_1_15' title="bbox 204 1757 1488 1886; baseline 0.002 -40"><span class='ocrx_word' id='word_1_109' title='bbox 204 1762 307 1848; x_wconf 88' lang='lat' dir='ltr'><strong>tium</strong></span> <span class='ocrx_word' id='word_1_110' title='bbox 327 1757 480 1863; x_wconf 84' lang='lat' dir='ltr'>forma,</span> <span class='ocrx_word' id='word_1_111' title='bbox 509 1791 558 1849; x_wconf 79' lang='lat' dir='ltr'><em>ac</em></span> <span class='ocrx_word' id='word_1_112' title='bbox 586 1758 793 1876; x_wconf 86' lang='lat' dir='ltr'><em>dispofitio</em></span> <span class='ocrx_word' id='word_1_113' title='bbox 818 1763 877 1846; x_wconf 66' lang='lat' dir='ltr'><em>&#39;ad</em></span> <span class='ocrx_word' id='word_1_114' title='bbox 909 1786 1061 1886; x_wconf 77' lang='lat' dir='ltr'><em>genera</em></span> <span class='ocrx_word' id='word_1_115' title='bbox 1099 1757 1407 1848; x_wconf 84' lang='lat' dir='ltr'><em>determinanda</em></span> <span class='ocrx_word' id='word_1_116' title='bbox 1429 1785 1488 1848; x_wconf 84' lang='lat' dir='ltr'><em>at·</em></span> 
     </span>
     <span class='ocr_line' id='line_1_16' title="bbox 205 1870 1491 1964; baseline 0 -6"><span class='ocrx_word' id='word_1_117' title='bbox 205 1875 456 1964; x_wconf 87' lang='lat' dir='ltr'><em>tenduntur.</em></span> <span class='ocrx_word' id='word_1_118' title='bbox 483 1881 543 1961; x_wconf 81' lang='lat' dir='ltr'><em>Ito</em></span> <span class='ocrx_word' id='word_1_119' title='bbox 570 1875 614 1956; x_wconf 90' lang='lat' dir='ltr'><em>in</em></span> <span class='ocrx_word' id='word_1_120' title='bbox 643 1872 731 1956; x_wconf 84' lang='lat' dir='ltr'><strong>aliis</strong></span> <span class='ocrx_word' id='word_1_121' title='bbox 758 1870 912 1959; x_wconf 64' lang='lat' dir='ltr'><em>lolium</em></span> <span class='ocrx_word' id='word_1_122' title='bbox 934 1871 1160 1958; x_wconf 85' lang='lat' dir='ltr'><em>videmus.</em></span> <span class='ocrx_word' id='word_1_123' title='bbox 1194 1879 1243 1955; x_wconf 88' lang='lat' dir='ltr'><em>In</em></span> <span class='ocrx_word' id='word_1_124' title='bbox 1271 1875 1491 1960; x_wconf 66' lang='lat' dir='ltr'><em>convolvn&#39;</em></span> 
     </span>
     <span class='ocr_line' id='line_1_17' title="bbox 203 1979 1485 2110; baseline 0.002 -44"><span class='ocrx_word' id='word_1_125' title='bbox 203 1988 261 2078; x_wconf 88' lang='lat' dir='ltr'><em>lo,</em></span> <span class='ocrx_word' id='word_1_126' title='bbox 290 2015 354 2068; x_wconf 89' lang='lat' dir='ltr'><em>ex.</em></span> <span class='ocrx_word' id='word_1_127' title='bbox 373 1979 436 2110; x_wconf 78' lang='lat' dir='ltr'><strong>gi.</strong></span> <span class='ocrx_word' id='word_1_128' title='bbox 462 2013 554 2067; x_wconf 88' lang='lat' dir='ltr'><em>non</em></span> <span class='ocrx_word' id='word_1_129' title='bbox 582 2011 676 2102; x_wconf 82' lang='lat' dir='ltr'><em>quae</em></span> <span class='ocrx_word' id='word_1_130' title='bbox 704 1983 911 2093; x_wconf 80' lang='lat' dir='ltr'><em>reptando</em></span> <span class='ocrx_word' id='word_1_131' title='bbox 941 1982 1054 2067; x_wconf 79' lang='lat' dir='ltr'><strong>circa</strong></span> <span class='ocrx_word' id='word_1_132' title='bbox 1083 1981 1297 2091; x_wconf 80' lang='lat' dir='ltr'><strong>proximas</strong></span> <span class='ocrx_word' id='word_1_133' title='bbox 1326 1983 1394 2068; x_wconf 81' lang='lat' dir='ltr'><em>stit</em></span> <span class='ocrx_word' id='word_1_134' title='bbox 1417 2011 1485 2078; x_wconf 74' lang='lat' dir='ltr'><em>et,</em></span> 
     </span>
     <span class='ocr_line' id='line_1_18' title="bbox 204 2009 1486 2207; baseline 0.002 -31"><span class='ocrx_word' id='word_1_135' title='bbox 204 2117 275 2178; x_wconf 76' lang='lat' dir='ltr'><em>out</em></span> <span class='ocrx_word' id='word_1_136' title='bbox 296 2091 534 2180; x_wconf 76' lang='lat' dir='ltr'><em>fiilcimenta</em></span> <span class='ocrx_word' id='word_1_137' title='bbox 556 2090 595 2178; x_wconf 84' lang='lat' dir='ltr'><em>se</em></span> <span class='ocrx_word' id='word_1_138' title='bbox 624 2091 662 2176; x_wconf 89' lang='lat' dir='ltr'><em>se</em></span> <span class='ocrx_word' id='word_1_139' title='bbox 691 2092 1014 2188; x_wconf 73' lang='lat' dir='ltr'><em>circumducunt,</em></span> <span class='ocrx_word' id='word_1_140' title='bbox 1044 2090 1334 2207; x_wconf 84' lang='lat' dir='ltr'><em>&amp;implicant</em></span> <span class='ocrx_word' id='word_1_141' title='bbox 1374 2009 1486 2207; x_wconf 78' lang='lat' dir='ltr'><em>plan-</em></span> 
     </span>
     <span class='ocr_line' id='line_1_19' title="bbox 202 2201 1483 2323; baseline 0.005 -35"><span class='ocrx_word' id='word_1_142' title='bbox 202 2225 282 2300; x_wconf 88' lang='lat' dir='ltr'><em>tae,</em></span> <span class='ocrx_word' id='word_1_143' title='bbox 312 2211 544 2292; x_wconf 83' lang='lat' dir='ltr'><em>convolvoli</em></span> <span class='ocrx_word' id='word_1_144' title='bbox 560 2205 750 2292; x_wconf 78' lang='lat' dir='ltr'><strong>iiat&#39;uram</strong></span> <span class='ocrx_word' id='word_1_145' title='bbox 771 2202 951 2302; x_wconf 86' lang='lat' dir='ltr'><em>habent,</em></span> <span class='ocrx_word' id='word_1_146' title='bbox 969 2231 1118 2293; x_wconf 87' lang='lat' dir='ltr'><em>vetum</em></span> <span class='ocrx_word' id='word_1_147' title='bbox 1137 2231 1231 2323; x_wconf 86' lang='lat' dir='ltr'><em>quae</em></span> <span class='ocrx_word' id='word_1_148' title='bbox 1253 2203 1376 2287; x_wconf 80' lang='lat' dir='ltr'><em>liores</em></span> <span class='ocrx_word' id='word_1_149' title='bbox 1400 2201 1483 2294; x_wconf 75' lang='lat' dir='ltr'>fru-</span> 
     </span>
     <span class='ocr_line' id='line_1_20' title="bbox 201 2311 1485 2435; baseline 0.002 -35"><span class='ocrx_word' id='word_1_150' title='bbox 201 2315 398 2431; x_wconf 53' lang='lat' dir='ltr'>&amp;usqum</span> <span class='ocrx_word' id='word_1_151' title='bbox 428 2315 761 2435; x_wconf 81' lang='lat' dir='ltr'><em>qualesille‚qui</em></span> <span class='ocrx_word' id='word_1_152' title='bbox 780 2317 935 2431; x_wconf 86' lang='lat' dir='ltr'><strong>primus</strong></span> <span class='ocrx_word' id='word_1_153' title='bbox 959 2314 1214 2402; x_wconf 81' lang='lat' dir='ltr'><strong>adminiculis</strong></span> <span class='ocrx_word' id='word_1_154' title='bbox 1239 2311 1485 2433; x_wconf 85' lang='lat' dir='ltr'><strong>quibuscun-</strong></span> 
     </span>
    </p>

    <p class='ocr_par' dir='ltr' id='par_1_2' title="bbox 185 2427 1574 3548">
     <span class='ocr_line' id='line_1_21' title="bbox 236 2427 1484 2540; baseline -0.001 -27"><span class='ocrx_word' id='word_1_155' title='bbox 236 2455 287 2513; x_wconf 88' lang='lat' dir='ltr'><em>ue</em></span> <span class='ocrx_word' id='word_1_156' title='bbox 321 2428 360 2512; x_wconf 87' lang='lat' dir='ltr'><em>se</em></span> <span class='ocrx_word' id='word_1_157' title='bbox 402 2427 706 2516; x_wconf 78' lang='lat' dir='ltr'><em>convolv&#39;endo</em></span> <span class='ocrx_word' id='word_1_158' title='bbox 735 2453 890 2509; x_wconf 87' lang='lat' dir='ltr'><em>nomen</em></span> <span class='ocrx_word' id='word_1_159' title='bbox 914 2428 1146 2536; x_wconf 84' lang='lat' dir='ltr'><strong>hujusmodi</strong></span> <span class='ocrx_word' id='word_1_160' title='bbox 1177 2429 1356 2522; x_wconf 86' lang='lat' dir='ltr'><em>invenit,</em></span> <span class='ocrx_word' id='word_1_161' title='bbox 1386 2455 1484 2540; x_wconf 86' lang='lat' dir='ltr'><em>pro-</em></span> 
     </span>
     <span class='ocr_line' id='line_1_22' title="bbox 200 2451 1486 2650; baseline -0.005 -24"><span class='ocrx_word' id='word_1_162' title='bbox 200 2451 387 2626; x_wconf 54' lang='lat' dir='ltr'><em>ducunt.</em></span> <span class='ocrx_word' id='word_1_163' title='bbox 415 2539 519 2626; x_wconf 87' lang='lat' dir='ltr'><em>Ideo</em></span> <span class='ocrx_word' id='word_1_164' title='bbox 541 2539 802 2625; x_wconf 78' lang='lat' dir='ltr'><em>convolvoluo</em></span> <span class='ocrx_word' id='word_1_165' title='bbox 822 2562 1043 2650; x_wconf 79' lang='lat' dir='ltr'><em>argenteus,</em></span> <span class='ocrx_word' id='word_1_166' title='bbox 1066 2533 1319 2630; x_wconf 76' lang='lat' dir='ltr'><em>umbellam,</em></span> <span class='ocrx_word' id='word_1_167' title='bbox 1341 2547 1486 2630; x_wconf 68' lang='lat' dir='ltr'><em>cretius</em></span> 
     </span>
     <span class='ocr_line' id='line_1_23' title="bbox 202 2646 1486 2763; baseline 0.003 -32"><span class='ocrx_word' id='word_1_168' title='bbox 202 2647 519 2745; x_wconf 82' lang='lat' dir='ltr'><strong>Tournefortii,</strong></span> <span class='ocrx_word' id='word_1_169' title='bbox 546 2651 807 2736; x_wconf 75' lang='lat' dir='ltr'><em>convolvolus</em></span> <span class='ocrx_word' id='word_1_170' title='bbox 821 2675 1048 2760; x_wconf 82' lang='lat' dir='ltr'><em>argenteus,</em></span> <span class='ocrx_word' id='word_1_171' title='bbox 1075 2646 1316 2743; x_wconf 83' lang='lat' dir='ltr'><em>umbellotot,</em></span> <span class='ocrx_word' id='word_1_172' title='bbox 1325 2647 1486 2763; x_wconf 81' lang='lat' dir='ltr'><em>stopinnt</em></span> 
     </span>
     <span class='ocr_line' id='line_1_24' title="bbox 205 2757 1482 2865; baseline 0.004 -25"><span class='ocrx_word' id='word_1_173' title='bbox 205 2757 412 2844; x_wconf 86' lang='lat' dir='ltr'><em>Tournef.</em></span> <span class='ocrx_word' id='word_1_174' title='bbox 442 2763 526 2865; x_wconf 78' lang='lat' dir='ltr'><em>toll.</em></span> <span class='ocrx_word' id='word_1_175' title='bbox 563 2763 611 2847; x_wconf 88' lang='lat' dir='ltr'><em>R.</em></span> <span class='ocrx_word' id='word_1_176' title='bbox 638 2759 760 2842; x_wconf 86' lang='lat' dir='ltr'><em>Herb.</em></span> <span class='ocrx_word' id='word_1_177' title='bbox 791 2757 853 2865; x_wconf 87' lang='lat'><em>84.</em></span> <span class='ocrx_word' id='word_1_178' title='bbox 891 2759 1133 2845; x_wconf 81' lang='lat' dir='ltr'><em>nominatur</em></span> <span class='ocrx_word' id='word_1_179' title='bbox 1173 2759 1229 2846; x_wconf 91' lang='lat' dir='ltr'><em>ob</em></span> <span class='ocrx_word' id='word_1_180' title='bbox 1252 2766 1482 2845; x_wconf 85' lang='lat' dir='ltr'><em>convolvoli</em></span> 
     </span>
     <span class='ocr_line' id='line_1_25' title="bbox 204 2863 1482 2986; baseline -0.005 -28"><span class='ocrx_word' id='word_1_181' title='bbox 204 2865 333 2958; x_wconf 85' lang='lat' dir='ltr'><em>flores</em></span> <span class='ocrx_word' id='word_1_182' title='bbox 361 2863 635 2986; x_wconf 69' lang='lat' dir='ltr'>frustusque3</span> <span class='ocrx_word' id='word_1_183' title='bbox 664 2895 752 2952; x_wconf 87' lang='lat' dir='ltr'><em>non</em></span> <span class='ocrx_word' id='word_1_184' title='bbox 780 2899 804 2955; x_wconf 82' lang='lat' dir='ltr'>a</span> <span class='ocrx_word' id='word_1_185' title='bbox 832 2869 955 2957; x_wconf 85' lang='lat' dir='ltr'><strong>caulis</strong></span> <span class='ocrx_word' id='word_1_186' title='bbox 984 2867 1120 2954; x_wconf 82' lang='lat' dir='ltr'>forma</span> <span class='ocrx_word' id='word_1_187' title='bbox 1157 2871 1203 2958; x_wconf 88' lang='lat'>&amp;</span> <span class='ocrx_word' id='word_1_188' title='bbox 1232 2869 1482 2960; x_wconf 76' lang='lat' dir='ltr'><em>inbecillita.</em></span> 
     </span>
     <span class='ocr_line' id='line_1_26' title="bbox 199 2977 1485 3101; baseline 0.002 -34"><span class='ocrx_word' id='word_1_189' title='bbox 199 3003 267 3067; x_wconf 88' lang='lat' dir='ltr'><em>te.</em></span> <span class='ocrx_word' id='word_1_190' title='bbox 295 2977 495 3068; x_wconf 82' lang='lat' dir='ltr'><strong>Similiter</strong></span> <span class='ocrx_word' id='word_1_191' title='bbox 518 2983 724 3095; x_wconf 79' lang='lat' dir='ltr'><em>cotyledon</em></span> <span class='ocrx_word' id='word_1_192' title='bbox 748 2991 955 3096; x_wconf 72' lang='lat' dir='ltr'><em>Africana,</em></span> <span class='ocrx_word' id='word_1_193' title='bbox 972 2985 1092 3096; x_wconf 84' lang='lat' dir='ltr'><em>foliis</em></span> <span class='ocrx_word' id='word_1_194' title='bbox 1109 2983 1295 3101; x_wconf 80' lang='lat' dir='ltr'><em>oblongis,</em></span> <span class='ocrx_word' id='word_1_195' title='bbox 1310 2983 1485 3100; x_wconf 80' lang='lat' dir='ltr'><em>floribus</em></span> 
     </span>
     <span class='ocr_line' id='line_1_27' title="bbox 199 3085 1574 3212; baseline 0.001 -34"><span class='ocrx_word' id='word_1_196' title='bbox 199 3095 426 3178; x_wconf 81' lang='lat' dir='ltr'><em>nmbellotis</em></span> <span class='ocrx_word' id='word_1_197' title='bbox 459 3093 499 3175; x_wconf 82' lang='grc' dir='ltr'><strong>Τ</strong></span> <span class='ocrx_word' id='word_1_198' title='bbox 500 3085 663 3180; x_wconf 84' lang='lat' dir='ltr'>oumef.</span> <span class='ocrx_word' id='word_1_199' title='bbox 683 3093 764 3200; x_wconf 65' lang='lat' dir='ltr'><em>loll.</em></span> <span class='ocrx_word' id='word_1_200' title='bbox 792 3097 845 3182; x_wconf 73' lang='lat' dir='ltr'><em>R·</em></span> <span class='ocrx_word' id='word_1_201' title='bbox 869 3097 986 3181; x_wconf 78' lang='lat' dir='ltr'><em>lietb.</em></span> <span class='ocrx_word' id='word_1_202' title='bbox 1013 3123 1081 3201; x_wconf 90' lang='lat'><em>90.</em></span> <span class='ocrx_word' id='word_1_203' title='bbox 1121 3102 1324 3212; x_wconf 81' lang='lat' dir='ltr'><em>cotyledon</em></span> <span class='ocrx_word' id='word_1_204' title='bbox 1359 3105 1483 3185; x_wconf 85' lang='lat' dir='ltr'><em>tereti</em></span> <span class='ocrx_word' id='word_1_205' title='bbox 1571 3173 1574 3180; x_wconf 79' lang='grc'>,</span> 
     </span>
     <span class='ocr_line' id='line_1_28' title="bbox 185 3202 1481 3326; baseline 0.002 -36"><span class='ocrx_word' id='word_1_206' title='bbox 185 3210 314 3322; x_wconf 82' lang='lat' dir='ltr'><em>folio,</em></span> <span class='ocrx_word' id='word_1_207' title='bbox 342 3209 458 3322; x_wconf 81' lang='lat' dir='ltr'><em>flore</em></span> <span class='ocrx_word' id='word_1_208' title='bbox 487 3205 763 3322; x_wconf 81' lang='lat' dir='ltr'><em>pulcherrimo,</em></span> <span class='ocrx_word' id='word_1_209' title='bbox 790 3202 841 3289; x_wconf 86' lang='lat'>&amp;</span> <span class='ocrx_word' id='word_1_210' title='bbox 863 3203 949 3293; x_wconf 85' lang='lat' dir='ltr'><strong>aliae</strong></span> <span class='ocrx_word' id='word_1_211' title='bbox 977 3210 1020 3291; x_wconf 86' lang='lat' dir='ltr'><em>in</em></span> <span class='ocrx_word' id='word_1_212' title='bbox 1048 3215 1290 3326; x_wconf 80' lang='lat' dir='ltr'><em>cotyledonis</em></span> <span class='ocrx_word' id='word_1_213' title='bbox 1312 3237 1481 3324; x_wconf 85' lang='lat' dir='ltr'><em>genere,</em></span> 
     </span>
     <span class='ocr_line' id='line_1_29' title="bbox 197 3313 1480 3434; baseline 0 -28"><span class='ocrx_word' id='word_1_214' title='bbox 197 3317 340 3408; x_wconf 80' lang='lat' dir='ltr'><strong>habita</strong></span> <span class='ocrx_word' id='word_1_215' title='bbox 369 3315 531 3406; x_wconf 78' lang='lat' dir='ltr'>florum</span> <span class='ocrx_word' id='word_1_216' title='bbox 559 3313 854 3434; x_wconf 62' lang='lat' dir='ltr'><em>stallumque</em></span> <span class='ocrx_word' id='word_1_217' title='bbox 881 3321 1083 3417; x_wconf 80' lang='lat' dir='ltr'><em>ratione,</em></span> <span class='ocrx_word' id='word_1_218' title='bbox 1120 3347 1212 3406; x_wconf 88' lang='lat' dir='ltr'><em>non</em></span> <span class='ocrx_word' id='word_1_219' title='bbox 1248 3315 1480 3415; x_wconf 86' lang='lat' dir='ltr'><em>foliorum,</em></span> 
     </span>
     <span class='ocr_line' id='line_1_30' title="bbox 198 3425 1481 3548; baseline 0 -30"><span class='ocrx_word' id='word_1_220' title='bbox 198 3429 490 3530; x_wconf 85' lang='lat' dir='ltr'><em>collocantur,</em></span> <span class='ocrx_word' id='word_1_221' title='bbox 511 3425 611 3526; x_wconf 85' lang='lat' dir='ltr'><em>etli,</em></span> <span class='ocrx_word' id='word_1_222' title='bbox 641 3454 735 3546; x_wconf 82' lang='lat' dir='ltr'><em>quae</em></span> <span class='ocrx_word' id='word_1_223' title='bbox 762 3429 895 3542; x_wconf 83' lang='lat' dir='ltr'><strong>primo</strong></span> <span class='ocrx_word' id='word_1_224' title='bbox 919 3436 1120 3544; x_wconf 81' lang='lat' dir='ltr'><em>cotyledon</em></span> <span class='ocrx_word' id='word_1_225' title='bbox 1141 3453 1378 3548; x_wconf 83' lang='lat' dir='ltr'><em>nuncupata</em></span> <span class='ocrx_word' id='word_1_226' title='bbox 1401 3427 1481 3518; x_wconf 86' lang='lat' dir='ltr'><strong>fuit</strong></span> 
     </span>
    </p>
   </div>
   <div class='ocr_carea' id='block_1_2' title="bbox 54 3539 1480 3662">
    <p class='ocr_par' dir='ltr' id='par_1_3' title="bbox 54 3539 1480 3662">
     <span class='ocr_line' id='line_1_31' title="bbox 54 3539 1480 3662; baseline -0.002 -32"><span class='ocrx_word' id='word_1_227' title='bbox 54 3581 57 3588; x_wconf 92' lang='grc'>·</span> <span class='ocrx_word' id='word_1_228' title='bbox 197 3544 253 3632; x_wconf 81' lang='lat' dir='ltr'><em>od</em></span> <span class='ocrx_word' id='word_1_229' title='bbox 291 3539 491 3630; x_wconf 85' lang='lat' dir='ltr'><em>foliorum</em></span> <span class='ocrx_word' id='word_1_230' title='bbox 530 3542 702 3662; x_wconf 79' lang='lat' dir='ltr'>figuram</span> <span class='ocrx_word' id='word_1_231' title='bbox 728 3566 882 3627; x_wconf 86' lang='lat' dir='ltr'><em>nomen</em></span> <span class='ocrx_word' id='word_1_232' title='bbox 911 3541 1271 3629; x_wconf 76' lang='lat' dir='ltr'><em>accommodatum</em></span> <span class='ocrx_word' id='word_1_233' title='bbox 1299 3543 1480 3632; x_wconf 87' lang='lat' dir='ltr'><em>invenit.</em></span> 
     </span>
    </p>
   </div>
   <div class='ocr_carea' id='block_1_3' title="bbox 191 3644 1481 4224">
    <p class='ocr_par' dir='ltr' id='par_1_4' title="bbox 191 3644 1481 4224">
     <span class='ocr_line' id='line_1_32' title="bbox 208 3644 1479 3772; baseline -0.003 -30"><span class='ocrx_word' id='word_1_234' title='bbox 208 3655 340 3762; x_wconf 85' lang='lat' dir='ltr'><em>Quod</em></span> <span class='ocrx_word' id='word_1_235' title='bbox 370 3655 523 3772; x_wconf 83' lang='lat' dir='ltr'><em>poll&#39;em</em></span> <span class='ocrx_word' id='word_1_236' title='bbox 552 3659 596 3742; x_wconf 89' lang='lat' dir='ltr'><strong>in</strong></span> <span class='ocrx_word' id='word_1_237' title='bbox 624 3657 712 3742; x_wconf 78' lang='lat' dir='ltr'><strong>aliis</strong></span> <span class='ocrx_word' id='word_1_238' title='bbox 742 3683 867 3770; x_wconf 82' lang='lat' dir='ltr'>quam</span> <span class='ocrx_word' id='word_1_239' title='bbox 897 3655 1080 3770; x_wconf 79' lang='lat' dir='ltr'><strong>plusimis</strong></span> <span class='ocrx_word' id='word_1_240' title='bbox 1106 3657 1328 3772; x_wconf 80' lang='lat' dir='ltr'><em>generibus</em></span> <span class='ocrx_word' id='word_1_241' title='bbox 1347 3644 1479 3742; x_wconf 83' lang='lat' dir='ltr'><em>osteri-</em></span> 
     </span>
     <span class='ocr_line' id='line_1_33' title="bbox 195 3765 1481 3882; baseline -0.001 -28"><span class='ocrx_word' id='word_1_242' title='bbox 195 3768 323 3866; x_wconf 87' lang='lat' dir='ltr'><em>dete,</em></span> <span class='ocrx_word' id='word_1_243' title='bbox 352 3767 423 3855; x_wconf 81' lang='lat' dir='ltr'><strong>nisi</strong></span> <span class='ocrx_word' id='word_1_244' title='bbox 451 3770 537 3856; x_wconf 86' lang='lat' dir='ltr'><em>hoc</em></span> <span class='ocrx_word' id='word_1_245' title='bbox 564 3767 794 3857; x_wconf 81' lang='lat' dir='ltr'><em>discernere</em></span> <span class='ocrx_word' id='word_1_246' title='bbox 822 3771 969 3858; x_wconf 87' lang='lat' dir='ltr'><em>nullius</em></span> <span class='ocrx_word' id='word_1_247' title='bbox 1000 3767 1147 3882; x_wconf 80' lang='lat' dir='ltr'><strong>judicii</strong></span> <span class='ocrx_word' id='word_1_248' title='bbox 1175 3765 1294 3856; x_wconf 80' lang='lat' dir='ltr'><em>ess‘et.</em></span> <span class='ocrx_word' id='word_1_249' title='bbox 1320 3771 1481 3854; x_wconf 78' lang='lat' dir='ltr'><strong>Verum</strong></span> 
     </span>
     <span class='ocr_line' id='line_1_34' title="bbox 201 3875 1481 3997; baseline -0.003 -29"><span class='ocrx_word' id='word_1_250' title='bbox 201 3879 338 3997; x_wconf 83' lang='lat' dir='ltr'>fiquos</span> <span class='ocrx_word' id='word_1_251' title='bbox 367 3885 683 3988; x_wconf 77' lang='lat' dir='ltr'><strong>nominis-ratio</strong></span> <span class='ocrx_word' id='word_1_252' title='bbox 709 3879 929 3982; x_wconf 85' lang='lat' dir='ltr'><em>offendat,</em></span> <span class='ocrx_word' id='word_1_253' title='bbox 970 3883 1023 3970; x_wconf 82' lang='lat' dir='ltr'><em>ab</em></span> <span class='ocrx_word' id='word_1_254' title='bbox 1051 3883 1099 3966; x_wconf 87' lang='lat' dir='ltr'><em>iis</em></span> <span class='ocrx_word' id='word_1_255' title='bbox 1132 3875 1252 3969; x_wconf 79' lang='lat' dir='ltr'><strong>facile</strong></span> <span class='ocrx_word' id='word_1_256' title='bbox 1288 3907 1346 3967; x_wconf 81' lang='lat' dir='ltr'><em>ex</em></span> <span class='ocrx_word' id='word_1_257' title='bbox 1381 3907 1481 3994; x_wconf 83' lang='lat' dir='ltr'><em>pro-</em></span> 
     </span>
     <span class='ocr_line' id='line_1_35' title="bbox 191 3992 1480 4192; baseline -0.004 -112"><span class='ocrx_word' id='word_1_258' title='bbox 191 3998 301 4109; x_wconf 78' lang='lat' dir='ltr'><strong>pria·</strong></span> <span class='ocrx_word' id='word_1_259' title='bbox 319 3997 482 4082; x_wconf 82' lang='lat' dir='ltr'><em>ratione</em></span> <span class='ocrx_word' id='word_1_260' title='bbox 512 3994 624 4085; x_wconf 83' lang='lat' dir='ltr'><strong>aliud</strong></span> <span class='ocrx_word' id='word_1_261' title='bbox 650 3993 884 4114; x_wconf 81' lang='lat' dir='ltr'><em>reperiatur</em></span> <span class='ocrx_word' id='word_1_262' title='bbox 911 4061 922 4081; x_wconf 86' lang='lat'><em>.</em></span> <span class='ocrx_word' id='word_1_263' title='bbox 948 4003 1205 4192; x_wconf 49' lang='lat' dir='ltr'><em>Qanauam</em></span> <span class='ocrx_word' id='word_1_264' title='bbox 1232 4021 1322 4082; x_wconf 85' lang='lat' dir='ltr'><em>non</em></span> <span class='ocrx_word' id='word_1_265' title='bbox 1349 3992 1480 4083; x_wconf 86' lang='lat' dir='ltr'><em>video</em></span> 
     </span>
     <span class='ocr_line' id='line_1_36' title="bbox 204 4103 1479 4224; baseline -0.003 -32"><span class='ocrx_word' id='word_1_266' title='bbox 204 4135 279 4194; x_wconf 84' lang='lat' dir='ltr'><em>cur</em></span> <span class='ocrx_word' id='word_1_267' title='bbox 306 4112 621 4197; x_wconf 74' lang='lat' dir='ltr'><em>Leucmthennm</em></span> <span class='ocrx_word' id='word_1_268' title='bbox 646 4107 734 4194; x_wconf 81' lang='lat' dir='ltr'><em>hoc</em></span> <span class='ocrx_word' id='word_1_269' title='bbox 760 4111 929 4196; x_wconf 85' lang='lat' dir='ltr'><em>nomine</em></span> <span class='ocrx_word' id='word_1_270' title='bbox 957 4109 1079 4195; x_wconf 86' lang='lat' dir='ltr'><em>dicen</em></span> <span class='ocrx_word' id='word_1_271' title='bbox 1110 4125 1179 4193; x_wconf 85' lang='lat' dir='ltr'><em>um</em></span> <span class='ocrx_word' id='word_1_272' title='bbox 1205 4105 1273 4206; x_wconf 86' lang='lat' dir='ltr'><em>fit,</em></span> <span class='ocrx_word' id='word_1_273' title='bbox 1302 4103 1479 4224; x_wconf 81' lang='lat' dir='ltr'><em>quando</em></span> 
     </span>
    </p>
   </div>
   <div class='ocr_carea' id='block_1_4' title="bbox 205 4215 1483 4444">
    <p class='ocr_par' dir='ltr' id='par_1_5' title="bbox 205 4215 1483 4444">
     <span class='ocr_line' id='line_1_37' title="bbox 205 4215 1483 4420; baseline -0.014 -103"><span class='ocrx_word' id='word_1_274' title='bbox 205 4247 349 4316; x_wconf 77' lang='lat' dir='ltr'><em>omnes</em></span> <span class='ocrx_word' id='word_1_275' title='bbox 374 4225 499 4319; x_wconf 79' lang='lat' dir='ltr'><em>flores</em></span> <span class='ocrx_word' id='word_1_276' title='bbox 523 4219 786 4328; x_wconf 82' lang='lat' dir='ltr'><em>flosculosos,</em></span> <span class='ocrx_word' id='word_1_277' title='bbox 813 4225 887 4344; x_wconf 85' lang='lat' dir='ltr'><strong>qui</strong></span> <span class='ocrx_word' id='word_1_278' title='bbox 917 4242 1056 4420; x_wconf 48' lang='lat' dir='ltr'><em>totugn</em></span> <span class='ocrx_word' id='word_1_279' title='bbox 1083 4241 1297 4339; x_wconf 61' lang='lat' dir='ltr'><em>occupant</em></span> <span class='ocrx_word' id='word_1_280' title='bbox 1316 4215 1483 4415; x_wconf 44' lang='lat' dir='ltr'><em>discam,</em></span> 
     </span>
     <span class='ocr_line' id='line_1_38' title="bbox 251 4357 1393 4444; baseline -0.011 -57"><span class='ocrx_word' id='word_1_281' title='bbox 251 4379 256 4387; x_wconf 91' lang='lat'>.</span> <span class='ocrx_word' id='word_1_282' title='bbox 518 4363 519 4370; x_wconf 18' lang='lat' dir='ltr'><em>t</em></span> <span class='ocrx_word' id='word_1_283' title='bbox 1085 4360 1119 4444; x_wconf 79' lang='lat'>4</span> <span class='ocrx_word' id='word_1_284' title='bbox 1304 4371 1308 4380; x_wconf 12' lang='lat' dir='ltr'><strong>i</strong></span> <span class='ocrx_word' id='word_1_285' title='bbox 1365 4357 1393 4418; x_wconf 76' lang='lat'>0</span> 
     </span>
    </p>
   </div>
   <div class='ocr_carea' id='block_1_5' title="bbox 0 0 2048 5412">
    <p class='ocr_par' dir='ltr' id='par_1_6' title="bbox 0 0 2048 5412">
     <span class='ocr_line' id='line_1_39' title="bbox 0 0 2048 5412; baseline 0 3"><span class='ocrx_word' id='word_1_286' title='bbox 0 0 2048 5412; x_wconf 95' lang='lat' dir='ltr'><em> </em></span> 
     </span>
    </p>
   </div>
  </div>
 </body>
</html>
