4120 5414
462 209 675 308 LIBE
802 208 1235 331 TERTIUS.
1342 255 1429 342 203

215 344 293 468 qui
320 338 421 432 tuba
449 355 609 426 tentum
636 357 721 426 con
780 343 829 422 nt
855 327 1178 447 mperfeuiores
1208 339 1334 453 sunt,
1373 372 1500 462 quam

209 453 563 552 Tritici,Secales,
584 449 749 541 Hordei,
776 457 995 532 oraminum
1018 450 1167 554 flores,
1189 479 1371 572 quorum
1394 459 1498 575 quis-

214 598 298 685 que
329 587 478 692 praeter
520 555 663 650 tubam
704 555 949 682 ..starniuibus
999 563 1262 686 apicibusque
1301 593 1497 657 ornatur..

210 681 401 768 Similiter
430 673 506 793 qui
533 671 703 766 stamina
731 665 951 785 apicesque
974 668 1149 764 seorsum
1169 674 1300 792 posita
1326 677 1496 779 habent,

209 795 339 906 magis
368 779 600 902 imperfeui
629 779 750 878 sunt,
779 809 907 898 quam
934 784 1011 901 qui
1038 784 1110 874 suo
1138 789 1410 906 receptaculo
1439 788 1497 878 as,

203 904 299 992 oxa
327 896 487 994 ferunt.
515 901 792 1007 Quapropter
820 895 970 1009 Typhae.
1002 912 1233 1014 spargana,
1265 909 1496 1004 Urticoidis,

209 1012 470 1130 tacrymaejob,
499 1007 546 1094 8c
574 1006 799 1096 amentacei
828 1031 973 1094 omnes
1000 1009 1125 1096 flores
1153 1013 1282 1126 magia
1308 1011 1497 1130 imperse·

209 1129 271 1216 sti
299 1126 422 1220 sunt,
449 1148 577 1242 quarn
603 1120 865 1234 Chenopodr'i,
894 1121 1049 1233 Acetosae
1079 1181 1092 1218 ,
1118 1135 1233 1226 Junci
1257 1125 1379 1218 flores
1405 1190 1415 1210 .
1454 1127 1497 1209 Si

211 1265 317 1329 vero
345 1235 481 1352 apices
509 1233 554 1322 δι
582 1229 751 1321 stanaina
777 1227 953 1318 seorsum
980 1229 1192 1321 insidentia
1220 1235 1363 1346 petalis
1387 1237 1496 1319 exci-

245 1351 419 1444 iantur,
449 1369 547 1434 tunc
573 1347 653 1428 flor
680 1339 750 1428 ilie
777 1338 1040 1453 imperfestus
1069 1346 1201 1434 minus
1229 1340 1495 1457 imperfestus

211 1378 430 1550 babendus
461 1455 554 1552 est,
582 1482 709 1574 quam
737 1450 794 1537 illi
824 1452 898 1568 qui
927 1453 1040 1577 circa
1066 1453 1183 1542 embr
1210 1481 1337 1544 onem
1365 1455 1497 1544 stami.

212 1599 268 1662 na
295 1567 436 1688 apices
459 1597 509 1655 ue
537 1565 778 1689 producunt
800 1591 836 1686 ς.
858 1588 1060 1682 quomam
1088 1485 1272 1680 petabm
1301 1568 1345 1652 in
1369 1593 1496 1684 gene-

212 1714 308 1776 rum
341 1597 636 1773 consb'tuttone
663 1668 891 1792 perfebttor
921 1701 1014 1790 pars
1039 1673 1239 1766 censenda
1260 1681 1339 1779 est,
1366 1707 1498 1797 quam

208 1795 379 1882 stamina
406 1784 547 1908 apices
571 1816 641 1874 ue.
670 1787 779 1874 Hinc
802 1788 974 1886 xanthii,
995 1790 1209 1906 Ambrrstae,
1232 1793 1496 1912 omphaloidis

208 1909 366 2005 flores,
407 1813 629 2020 inquibus
689 1901 808 1990 lantis
839 1897 1007 2013 petala,
1049 1900 1249 2003 statnina,
1282 1904 1499 2022 apicesque

210 2011 387 2112 seorsum
415 2046 437 2104 a
457 2019 563 2100 flore
593 1927 945 2136 nassunmrjnter
971 2041 1116 2102 omnes
1136 2014 1403 2134 imperfectos
1422 2023 1499 2104 flu

212 2159 279 2223 res
309 2132 443 2220 minus
472 2121 738 2241 imperfebtos
767 2123 844 2212 esse
872 2137 1066 2239 apparet.

270 2247 367 2331 Hoc
395 2243 539 2357 itaque
567 2237 620 2324 de
645 2239 757 2326 floris
779 2233 1044 2353 perfectione
1072 2237 1333 2340 constituto,
1371 2241 1500 2327 mani-

211 2347 358 2444 festum
383 2353 488 2440 relin
524 2351 632 2441 uitur
660 2352 703 2434 in
728 2376 932 2466 generum
957 2349 1246 2440 distributione
1275 2347 1498 2468 perfectio-

213 2494 279 2554 res
305 2469 456 2564 flores,
485 2377 520 2558 s
540 2461 592 2548 de
620 2456 813 2578 perfeffls
843 2460 1014 2552 floribus
1043 2487 1191 2585 agatur
1214 2503 1231 2566 ,·
1258 2467 1393 2556 minus
1424 2468 1501 2559 im-

214 2575 444 2696 perfebbos,
470 2575 500 2663 fi
527 2570 580 2662 de
609 2569 883 2690 imperfectis,
913 2574 991 2662 esic
1017 2576 1316 2664 attendendos.
1339 2579 1448 2664 Cum
1468 2577 1500 2662 i-

213 2715 341 2806 taque
371 2687 576 2804 perfeetus
599 2689 676 2770 flos
696 2684 854 2800 semper
884 2685 1025 2798 petalo
1049 2687 1228 2783 constet,
1249 2687 1361 2804 siqua
1380 2687 1498 2803 stirps

216 2801 322 2890 duos
353 2797 601 2914 produxerit
626 2798 750 2881 flores
780 2795 924 2911 petalis
954 2796 1161 2894 donatos,
1188 2826 1371 2920 quorum
1397 2798 1500 2886 alter

217 2914 315 3002 tuba
344 2931 513 3006 careat,
554 2905 656 2992 alter
683 2905 903 2996 instruatur
930 2971 942 3008 ,
970 2907 1074 3008 iila,
1102 2908 1243 2997 habita
1271 2913 1325 2998 ad
1350 2917 1501 3000 florem

7 2997 8 3002 Ν
133 3045 135 3048 ’
216 3021 514 3144 perfeuiorem
542 3017 706 3126 (idest
734 3017 787 3104 ad
815 3016 930 3108 illum
956 3023 1031 3139 qui
1058 3023 1158 3109 tuba
1187 3022 1501 3135 instruitur)ro

220 3142 360 3238 tione,
381 3137 433 3222 in
463 3127 678 3228 caelasse,
707 3128 755 3214 &
783 3135 825 3218 in
854 3159 902 3216 ea
930 3129 1024 3220 sede
1053 3132 1350 3238 collocabitur,
1373 3165 1502 3260 quam

218 3253 295 3336 flos
323 3245 550 3366 perfectior
579 3240 749 3358 poscere
778 3243 1021 3335 videbitur.
1049 3243 1240 3334 Similiter
1266 3247 1295 3334 si
1322 3249 1410 3335 duo
1438 3279 1503 3334 re·

220 3365 431 3479 periantur
459 3361 582 3442 flores
613 3355 658 3437 in
684 3351 829 3443 cadem
857 3352 996 3470 planta
1026 3353 1287 3470 imperfeeius
1308 3381 1398 3442 uter
1433 3386 1502 3458 ue,

256 3503 406 3564 uorum
433 3497 536 3559 unus
566 3465 706 3556 tubam
731 3489 889 3558 tantum
910 3463 1038 3561 serat,
1066 3464 1171 3551 alter
1192 3489 1339 3580 praeter
1360 3383 1503 3559 tubam

217 3504 389 3680 bannim
417 3609 590 3709 quoque
620 3577 865 3699 apicesque,
902 3581 918 3686 (
951 3579 1025 3702 qui
1051 3578 1175 3662 flores
1205 3599 1430 3665 occurrunt
1457 3583 1503 3679 in
1553 3677 1555 3682 ¹

220 3707 436 3820 Atrt'plice,
464 3695 512 3784 bc
537 3694 581 3778 in
610 3701 870 3892 Parietaria)
901 3690 966 3779 iile
992 3689 1127 3778 minus
1156 3686 1440 3805 imperfectus,
1461 3692 1503 3780 id
1584 3735 1590 3746 ·

220 3815 379 3946 estqui
405 3805 639 3900 staminibus
666 3807 832 3921 apicibu
847 3833 931 3922 que
957 3803 1199 3902 instruitur,
1228 3801 1426 3906 classem,
1455 3805 1503 3894 δι

220 3929 355 4044 stitprs
384 3925 520 4014 sedem
548 3916 764 4008 indicabit.
792 3921 833 4007 si
861 3945 966 4012 vero
990 3945 1044 4004 ex
1062 3915 1226 4008 duobus
1252 3919 1424 4008 floribus
1448 3915 1505 4004 al-

221 4065 283 4128 ter
307 4037 524 4148 foecundus
551 4031 618 4132 stt,
648 4033 748 4122 alter
775 4061 881 4125 vero
909 4029 1070 4127 sterilis,
1092 4027 1335 4122 foecundum
1346 4031 1503 4144 semper

220 4155 493 4250 intuebimur,
520 4149 620 4238 licet
646 4144 730 4236 sola
759 4148 858 4236 tuba
885 4144 1121 4246 donatum,
1160 4143 1230 4234 etst
1258 4142 1398 4230 sterilis
1428 4139 1502 4228 stau

222 4270 357 4372 mint,
384 4265 544 4384 apices,
572 4259 621 4354 ὅτ
648 4254 785 4384 petala
812 4261 937 4355 etiam
961 4256 1087 4350 ferat.
1115 4265 1389 4455 Quapropqer
1411 4272 1502 4342 xer·

1308 4393 1446 4468 trum,
