4120 5414
427 243 644 350 ΗΒΕ
772 243 880 344 ΤΕ
967 249 1219 354 Tle.
1322 299 1338 352 1

186 381 418 500 cipiuntur.
446 246 960 495 Conponuiimrunctiii
983 357 1111 464 tribus
1137 299 1471 514 plerunqugglrl.

187 500 290 596 mis,
318 491 658 582 exterioreuna,
688 483 832 582 cralla,
862 509 1035 586 mama,
1062 489 1213 588 firmn',
1245 494 1295 578 Sc·
1319 497 1472 590 durilll.

187 637 292 706 ma,
335 604 460 690 altera
487 600 585 690 huic
614 594 806 710 oppolita
834 553 1062 697 molliore,
1090 606 1211 690 tertia
1238 607 1308 699 sub
1337 613 1474 724 primu

189 718 395 808 collocata
422 714 615 804 tenuiore
643 709 689 798 δέ
715 707 943 800 molliore.
972 715 1062 804 Hac
1092 715 1265 850 embryo
1296 719 1473 817 obduci-

139 836 145 847 '
188 853 277 918 tur.
306 827 522 916 Hiautibus
549 829 692 939 itaque
720 817 888 938 glumis,
920 822 1063 911 tubam
1085 829 1316 946 oblongam·
1337 834 1472 920 extol.

186 941 235 1030 lit
261 941 472 1056 embryo,
511 937 680 1025 induas
708 935 883 1028 ramosas
915 959 1050 1050 partes
1080 941 1271 1038 divisam,
1318 945 1472 1032 rubras-

188 1083 272 1172 quc
301 1119 310 1138 .
351 1053 508 1140 Crescit
534 1071 671 1138 autem
699 1047 873 1167 embryo
902 1049 945 1134 in
973 1047 1106 1136 semen
1122 1077 1345 1165 parvum,
1374 1055 1473 1145 albi.

187 1177 307 1263 dum,
337 1163 508 1284 quoda
570 1161 685 1250 lunis
714 1161 827 1247 arole
855 1161 1114 1249 continetur.
1142 1161 1310 1250 Fertiles
1333 1192 1471 1290 porro

190 1276 354 1368 utriculi
382 1277 505 1388 pauci
533 1189 648 1375 imm
677 1269 828 1390 reliqui
858 1299 1001 1364 omnes
1025 1271 1174 1358 steriles
1202 1298 1471 1387 reperiuntur

189 1391 317 1506 usque
345 1389 397 1473 ad
423 1387 626 1583 spicarum
654 1387 814 1496 apicem
841 1381 1069 1495 producti.
1096 1386 1151 1468 lli
1178 1381 1322 1502 singuli
1353 1406 1473 1474 terna

190 1501 408 1588 continent
428 1511 442 1582 l
462 1499 594 1584 amine
619 1495 794 1579 totidem
814 1493 1000 1606 apicibus
1020 1489 1145 1582 luteis
1162 1517 1335 1598 ornata,
1398 1529 1472 1588 uo.

189 1639 285 1700 tum
310 1610 447 1700 succus
475 1608 526 1730 nd
554 1603 793 1729 inferiorem
819 1605 972 1726 spicam
1000 1603 1248 1702 descendens
1288 1526 1472 1710 frugife.

184 1725 247 1816 tis
278 1720 459 1812 utriculis
487 1715 673 1808 inservit.

593 1999 898 2096 CAPUT
968 2007 1076 2094 V11.

650 2269 713 2339 De
741 2250 1010 2368 Myriophyllo.

196 2488 602 2714 Tournefortius
630 2493 674 2577 in
701 2520 963 2612 eogenere,
995 2493 1115 2618 quod
1135 2499 1391 2612 Potamg'etm
1413 2501 1476 2584 in.

337 2602 511 2806 scripsit,
540 2605 589 2692 &
615 2607 736 2721 quod
765 2609 873 2694 inter
899 2605 1110 2723 perfectos
1134 2607 1182 2695 &
1208 2609 1476 2700 crucifonnes

194 2725 317 2810 flores
346 2719 415 2807 col
431 2717 598 2813 ocavit,
626 2718 936 2837 definivitque:
978 2739 1238 2834 rotamageron
1267 2727 1317 2834 est
1340 2729 1476 2842 plante

192 2865 312 2952 genus
329 2895 341 2930 ,
359 2835 460 2940 flore
489 2830 733 2938 cruciformi,
765 2855 923 2943 quatuor
940 2836 1097 2945 scilicet
1119 2838 1257 2948 petalis
1285 2840 1479 2948 corislante,

199 2946 246 3043 ό·
273 2949 405 3057 calycis
435 2963 622 3054 experte,
647 2951 767 3056 Hujus
792 2968 918 3028 autem
938 2949 1125 3064 pistillum
1152 2945 1236 3029 abit
1253 2956 1297 3032 in
1320 2975 1478 3062 quatuor

196 3059 340 3158 semina
367 3057 643 3170 utplurimum
669 3053 853 3166 oblonga,
893 3056 939 3150 ῤ’
964 3069 1008 3140 in
1046 3060 1249 3170 capitulum
1291 3067 1480 3179 quoddam

200 3173 352 3254 collecta
360 3197 376 3270 3
405 3166 503 3252 duas
529 3163 680 3276 species
707 3162 938 3263 recensuit,
973 3163 1143 3257 alteram
1172 3173 1480 3260 nomine·1²ora'-

201 3289 396 3397 mogr'tonis
410 3273 579 3392 flosculis
606 3279 658 3360 ad
673 3279 862 3392 filiorum
888 3279 1000 3364 nodos
1027 3285 1109 3391 hisi.
1136 3284 1189 3386 R.
1224 3284 1342 3367 Herb.
1372 3313 1477 3394 233,

203 3389 372 3480 alteram
397 3399 683 3501 Potemogitonis
698 3391 815 3501 foliis
834 3403 1011 3505 pennatis
1037 3397 1118 3499 inst.
1147 3394 1198 3478 R.
1225 3392 1341 3475 Herb.
1373 3421 1479 3503 233,

202 3532 379 3623 quarum
406 3523 611 3618 utrunque
639 3500 693 3585 ad
719 3498 833 3588 hunc
853 3501 994 3590 locum
1020 3503 1227 3628 pertinere
1248 3501 1482 3614 deprehen-

203 3622 359 3708 dimus.
387 3615 539 3733 Neque
569 3610 681 3700 enim
706 3613 829 3699 llores
858 3610 1058 3729 perfecit,
1087 3611 1153 3698 sed
1182 3611 1410 3726 imperfecti
1433 3615 1483 3706 &

204 3725 477 3830 filamentosi3
518 3752 654 3841 neque
680 3724 816 3840 petala
845 3729 887 3811 in
914 3727 977 3813 his
1006 3726 1296 3841 reperiuntur,
1324 3725 1389 3813 sed
1417 3757 1484 3814 ca.

204 3844 305 3969 lycio
335 3838 481 3928 foliola
508 3832 676 3926 stamina
702 3840 919 3960 apicesque
957 3839 1357 3956 comprehendentia
1389 3837 1483 3924 lon.

202 3985 259 4075 ge
290 3949 476 4042 afru8m
490 3953 651 4040 oflixa.
691 3957 965 4068 Quapropter
991 3950 1139 4042 harum
1166 3949 1350 4067 stirpium
1387 3979 1482 4068 gra«

204 4073 266 4162 tia
291 4069 378 4156 hoc
405 4085 535 4185 genus
557 4061 771 4162 constitui,
797 4067 1043 4182 Myriphylli
1061 4067 1228 4158 nomine
1249 4087 1337 4151 tum
1359 4059 1484 4178 qnod

206 4205 303 4276 ante
329 4175 675 4270 Toumefortium
709 4179 820 4264 inter
843 4183 1073 4378 Millpolt'a
1110 4179 1192 4270 sive
1229 4176 1480 4288 Myriophylle

203 4293 553 4414 collocabantur,
590 4291 829 4412 materiem
853 4317 947 4414 quo
999 4287 1108 4382 foliis
1149 4293 1194 4380 in
1236 4283 1481 4400 tenuilfimm¹

998 4427 1032 4496 ss
1109 4421 1115 4432 ⁸
1333 4421 1429 4516 Pali}
