4168 5418
490 203 786 327 MBER
839 209 878 302 P
959 199 1229 317 leSj,
1383 245 1439 326 29

228 313 413 415 'umfnb’cis
443 323 801 424 floribus‚fru6lus
831 327 886 412 fit·
905 356 935 446 g
951 327 1098 418 obolus
1107 334 1174 428 ‚in
1204 330 1393 460 quinque
1413 345 1509 452 par.¹

224 463 292 526 ,tes
320 437 357 522 se
385 438 421 525 se
452 441 672 553 aperiens,
701 468 796 552 quae
822 436 985 556 fingulae
1024 442 1066 524 in
1097 439 1416 557 binascaplulas
1445 451 1506 535 di.

225 550 487 668 ·stinguuntur
513 578 644 667 parva
672 550 821 636 semina
851 553 1134 639 continentes.
1330 655 1333 662 Δ
1488 608 1493 621 ·

260 756 264 765 ‚
285 665 441 777 lychnis
458 666 691 780 sylvestris,
721 695 795 776 que
823 665 949 748 Beben
975 667 1100 750 album
1126 671 1240 782 vulgo
1264 723 1276 766 ,
1296 661 1416 781 foliis,
1439 707 1504 760 ane·

335 778 558 890 gustiorr‘bus
585 776 629 870 ἀ
655 775 882 861 acutioribus
908 777 957 863 C.
983 781 1024 860 Β.
1052 789 1132 863 Pin.
1163 810 1267 889 205,
1290 779 1338 868 &
1365 787 1501 873 Touf.

183 907 185 910 ’
338 884 416 976 nef.
454 891 535 1001 inst.
562 891 612 972 R.
639 885 753 970 Herb.
780 911 878 999 335²
963 911 967 918 ’
1029 989 1033 1004 ,
1205 989 1208 996 Ι
1280 993 1283 998 ¹
1343 949 1348 954 -

280 1009 330 1088 ln
358 999 497 1115 amplo
526 996 665 1110 calyce
700 997 787 1084 haec
817 1002 973 1111 Lychnit
1011 1004 1131 1087 flores
1169 1001 1306 1120 gignit
1333 1005 1499 1104 intecto

223 1105 273 1196 'Bt
300 1108 636 1228 campaniformi,
698 1140 741 1196 er
772 1137 890 1198 oram
917 1112 961 1192 in
990 1113 1178 1238 quinque
1204 1135 1339 1226 partes
1368 1114 1404 1199 se
1450 1147 1500 1204 o.

224 1222 365 1332 flores
398 1222 542 1336 petalis
571 1137 762 1308 conllant
789 1220 1014 1337 oblongis,
1044 1217 1297 1341 albidisques
1369 1254 1428 1313 uae
1456 1229 1501 1314 in

221 1337 487 1424 extremitate
498 1337 748 1450 emarginata
759 1331 869 1420 sunt.
882 1331 1106 1418 Adhaerent
1128 1333 1216 1420 haec
1239 1252 1393 1422 annullo
1414 1341 1499 1426 cui·

221 1445 321 1530 dam
348 1445 474 1532 cruslo
502 1443 712 1540 belismo,
741 1446 814 1560 qui
842 1441 1147 1556 receptaculum
1162 1442 1241 1547 est,
1272 1450 1340 1534 cui
1369 1477 1496 1552 annui

222 1547 271 1640 lo
300 1557 346 1641 &
374 1555 539 1642 stamina
565 1553 728 1656 decem,
757 1557 947 1754 cpuinque
974 1553 1199 1673 longiora,
1230 1560 1276 1646 &
1303 1561 1493 1679 quinque¹

223 1657 414 1755 breviora
442 1693 537 1752 cum
564 1667 746 1780 apicibus
790 1670 892 1758 uteis
922 1666 1199 1762 innascuntur.
1227 1673 1324 1755 Pars
1354 1695 1493 1762 autem

219 1777 333 1862 floris
360 1777 495 1864 media
534 1776 802 1892 receptaculo
831 1778 1071 1884 circundata
1094 1841 1106 1876 ,
1144 1778 1192 1864 δέ
1221 1811 1316 1868 cum
1343 1785 1492 1874 eodem

214 1889 270 1973 ad
299 1884 419 1976 basim
447 1891 692 1999 conjunbia,
717 1889 844 1980 tribus
858 1889 1038 1976 candidis
1051 1888 1157 1996 tubis
1167 1918 1360 1992 omanus,
1383 1895 1428 1982 &
1448 1899 1491 1980 in

214 1994 397 2088 studium
421 2000 565 2086 crescit
589 1999 831 2120 globosum,
860 2004 903 2084 in
929 2001 1078 2087 summa
1098 2024 1235 2088 tamen
1259 2028 1375 2119 parte
1397 2034 1491 2094 acu-

215 2114 436 2212 minatum,
467 2111 540 2224 qui
571 2138 645 2226 per
673 2117 949 2202 maturitatem
976 2117 1020 2196 in
1047 2115 1115 2198 sex
1142 2136 1276 2226 partes
1307 2112 1488 2212 dehiscit,

217 2222 266 2308 &
294 2222 443 2308 semina
471 2249 598 2335 parva
626 2255 674 2312 ac
735 2224 872 2312 lobosa
901 2251 955 2310 ex
983 2223 1108 2312 tribus
1129 2222 1410 2312 loculamentis
1431 2221 1493 2314 ef-

215 2332 372 2424 fundit.
399 2335 643 2451 Elegantior
672 2251 732 2423 el
754 2334 1007 2450 receptaculi
1029 2358 1171 2438 natura
1194 2339 1241 2444 in
1257 2352 1489 2438 sinmetriis,

213 2448 258 2531 in
319 2445 434 2532 uibus
472 2448 655 2560 amplum
681 2447 729 2534 81
766 2445 965 2534 circulare
994 2447 1082 2545 est,
1123 2447 1191 2532 cui
1214 2451 1269 2534 ·&
1296 2447 1418 2564 calyx
1442 2453 1489 2536 ut

213 2473 396 2672 periclum
422 2560 662 2676 affiguntur,
692 2587 874 2678 quorum
895 2581 1144 2680 utrunque,
1167 2560 1378 2670 crescente
1407 2557 1490 2660 fruf

212 2671 305 2768 situ,
331 2668 509 2755 decidit,
550 2677 615 2756 Ex
650 2671 713 2758 lris
742 2695 878 2758 autem
904 2673 948 2754 in
984 2668 1223 2782 exemplum
1255 2667 1488 2760 alliumamus

274 2791 527 2880 stramoniam
545 2787 682 2896 fracia
699 2783 866 2895 spinoso,
893 2789 1072 2877 rotando,
1089 2785 1189 2892 flore
1215 2785 1298 2868 albo
1316 2843 1328 2882 ,
1344 2787 1489 2898 fimplia

322 2901 362 2976 ci
389 2889 591 2978 Tourne'f.
630 2898 710 3006 lust.
742 2899 791 2979 R.
819 2893 934 2992 Herb.
969 2893 1055 2976 118.
1093 2895 1264 2977 solanum
1284 2921 1390 3010 pomo
1408 2893 1489 3011 spi-

322 3006 426 3116 noso,
452 3007 637 3101 rotunda,
664 3010 768 3117 longo
783 3005 883 3114 flore
912 3005 960 3087 C.
986 3007 1029 3088 B.
1047 2989 1137 3088 lun.
1169 3005 1256 3089 168

265 3115 461 3237 Calycem
488 3116 574 3202 hoc
603 3113 784 3231 amplam
807 3115 966 3230 gignit,
994 3112 1312 3232 monophyllum
1332 3173 1345 3215 ‚
1369 3116 1493 3206 tubu.

208 3221 359 3324 latum,
388 3232 433 3314 in
456 3257 535 3316 ora
564 3229 607 3312 in
634 3229 822 3345 quinque
851 3251 986 3342 partes
1016 3224 1286 3325 desinentem,
1309 3231 1384 3342 qui
1406 3254 1489 3316 arn*

212 3341 292 3455 plo
320 3341 366 3423 &
394 3337 581 3425 circulari
606 3335 871 3451 receptaculo
901 3339 1181 3424 connascitur.
1209 3339 1354 3424 Eidem
1377 3367 1490 3424 rece·

214 3448 387 3578 ptaculo
416 3451 460 3533 in
487 3449 673 3535 interiori
704 3452 1025 3567 parteaffiginrr
1046 3449 1250 3644 petalum,
1281 3450 1325 3532 in
1345 3447 1489 3536 tubum

198 3589 258 3648 an
286 3559 354 3646 illa
378 3565 638 3648 extenuitate
661 3563 1000 3660 contractumnc]
1029 3584 1153 3646 atera
1182 3581 1318 3646 autem
1338 3557 1488 3657 laxum,

214 3676 263 3760 ἃ
292 3669 557 3770 tubiforme‚
593 3668 771 3761 desinens
802 3699 875 3786 per
902 3674 1128 3790 supremam
1155 3701 1273 3758 oram
1299 3675 1345 3756 in
1373 3672 1488 3788 quas-

207 3788 307 3874 dam
330 3785 586 3902 appendices
611 3849 624 3872 r
665 3783 968 3898 Arnplilbmum·
987 3783 1048 3872 est
1076 3786 1160 3874 hoc
1197 3782 1411 3900 petalum,
1440 3781 1488 3872 &

212 3898 363 3987 eolore
392 3895 552 3986 album„
580 3898 688 3986 Huic
717 3900 827 3984 intus
855 3899 1021 3988 stamma
1048 3908 1302 4018 junguntur,
1337 3897 1382 3982 dc
1408 3923 1486 4009 per

186 4010 341 4210 “gadi
362 4012 571 4136 parietem
599 4007 650 4096 ad
677 4009 983 4120 receptaculum
1007 4012 1280 4100 descendunt.
1303 4010 1488 4106 Stamini-

242 4153 267 4208 u

270 4151 286 4208 s
333 4150 467 4235 apices
507 4121 587 4214 albi
626 4118 692 4212 vel
719 4116 863 4210 luceoli
903 4124 1201 4237 imponuntur.
1228 4127 1324 4223 Pars
1354 4143 1487 4232 porro
1636 4205 1647 4210 ,

207 4237 325 4326 floris
352 4237 529 4332 interior
555 4238 601 4328 in
627 4234 880 4347 receptaculi
911 4259 1057 4327 centro
1098 4231 1333 4332 collocata.
1372 4227 1488 4334 tuba-

1350 4365 1439 4459 que
