4120 5414
387 219 679 340 LIBER
729 219 1253 324 SsscvavS.
1310 243 1410 363 ³175

193 381 286 446 teta
312 346 496 468 primum
519 339 776 442 alba-mox
802 343 951 462 nigra.
988 343 1213 436 Perforato
1247 349 1396 447 deiude
1421 349 1481 448 ni

192 467 287 566 do,
314 465 403 552 exit
428 453 721 548 animalculum
752 453 991 578 plerunque
1015 467 1202 552 nondum
1242 468 1393 580 pinnis-
1409 495 1480 559 ex·

176 578 388 698 plicatis..
427 569 638 666 Evrell'um
664 569 799 656 statim
828 569 1030 662 fenebrem
1057 575 1236 692 deponit
1278 609 1304 666 a
1340 587 1479 700 capite

192 692 394 806 incipiens
416 751 456 773 ..
506 711 589 772 unc
613 683 769 772 flavum
796 685 1012 786 cernitur,
1052 691 1174 807 quod
1208 711 1347 782 tamen
1373 723 1480 784 mort

193 800 438 892 exsiccatum
465 799 634 911 nigrum
661 798 821 886 evadit.
849 801 962 886 Dum
990 827 1095 889 vero
1123 803 1354 894 involucris
1383 807 1478 921 spo·

190 917 344 1010 liatur,¹
363 912 451 1000 huc
479 909 528 996 δε
553 903 651 995 illuc
678 907 949 1010 revolvitur,
977 913 1026 1000 bt
1056 939 1281 1030 propterea
1308 918 1478 1034 apicum

189 1023 444 1144 pulvisculo,
470 1047 564 1151 quo
590 1037 683 1106 tota
712 1045 935 1146 pomorum
958 1027 1111 1114 cavitas
1134 1027 1291 1143 repleta
1312 1030 1403 1128 est„
1420 1032 1480 1115 ina

193 1137 386 1234 farcitur,
415 1159 576 1332 ‚quippe
602 1124 928 1222 rnollrusculunr.
957 1143 1101 1248 Quare
1129 1165 1154 1224 e
1178 1141 1322 1258 grollis
1350 1141 1481 1257 egres-

192 1253 313 1350 sum,
350 1248 400 1336 &
424 1255 522 1332 Soe
551 1241 797 1334 exsiccatum
836 1242 1054 1363 pulverem
1079 1251 1241 1342 discutit
1274 1253 1331 1338 ad
1366 1255 1481 1340 hunc

192 1363 391 1454 modum:
425 1359 530 1447 stans
557 1379 741 1475 quatuor
766 1360 1043 1450 anterioribus
1102 1364 1248 1452 edibus
1276 1365 1479 1462 innititur,

195 1475 244 1572 δι
272 1467 437 1560 duobus
466 1467 677 1588 postremis
705 1467 950 1571 abdomen,
979 1387 1180 1570 lumbos,
1211 1480 1359 1590 pinnas
1387 1477 1480 1594 pul-

194 1613 297 1680 uere
317 1583 514 1678 mundat,
540 1581 691 1668 iterum
707 1603 838 1701 atque
861 1582 1012 1672 iterum
1033 1583 1218 1676 eruribus
1240 1587 1477 1708 detergens

196 1696 346 1788 deinde
408 1707 561 1780 uatnor
594 1691 898 1808 posterioribus
936 1696 977 1782 le
1003 1696 1044 1784 se
1081 1695 1274 1800 librans,
1311 1701 1479 1792 duobus

193 1809 392 1907 anteriori
424 1834 468 1894 us
488 1827 637 1921 caput,
661 1804 852 1908 dorsum,
874 1805 921 1896 ,δι
944 1836 1106 1902 cornua
1128 1834 1299 1928 purgat,
1322 1820 1482 1926 Qem·

194 1918 422 2008 admodum
446 1917 598 2016 Feles,
629 1916 677 2002 &
702 1919 784 2005 alia
811 1920 1074 2038 elegantiora
1098 1921 1292 2015 animalia
1318 1924 1480 2014 solent.

194 2033 342 2138 Tunc,
371 2027 560 2145 deposito
589 2055 742 2132 onere,
771 2031 935 2124 evolat,
1398 2079 1404 2088 ·

541 2315 857 2412 canor
908 2319 1121 2438 xxxv,

197 2547 320 2680 Qud
343 2559 460 2648 Ficus
499 2551 720 2652 &Palmae
753 2559 980 2678 caprificatio
1005 2563 1052 2650 rb
1073 2567 1283 2682 peculiaris
1314 2569 1477 2684 alicujus

217 2771 221 2778 Ι
369 2681 533 2790 regionis
556 2675 808 2754 conditionem
835 2670 1033 2781 necefflrria
1056 2679 1111 2786 ¹ast
1132 2735 1145 2771 ,
1170 2706 1244 2760 non
1268 2674 1315 2760 ob
1444 2759 1448 2766 ,

610 2797 614 2804 ’
636 2783 821 2896 stirpium
843 2803 1044 2869 naturam.
1081 2807 1083 2810 ’

328 3029 409 3128 AEc
436 3021 559 3112 nobis
587 3023 640 3112 de
665 3019 828 3109 Ficario
856 3021 1013 3111 infesto
1039 3045 1143 3114 nota
1178 3023 1305 3120 sunt,
1343 3023 1390 3110 dc
1428 3020 1487 3106 ita

386 3139 659 3256 reponimus,
696 3160 788 3220 non
827 3135 946 3255 quod
983 3162 1067 3251 pro
1103 3160 1226 3224 certo
1264 3133 1490 3222 habeamus

205 3261 292 3348 hoc
321 3167 435 3346 ilium
463 3245 540 3344 ell‘e
566 3242 783 3346 Culicem,
811 3249 975 3368 quoin
1004 3251 1161 3337 Graecia
1194 3247 1491 3371 caprificantur

208 3382 331 3468 fici,
360 3363 550 3483 quamvis
578 3387 672 3448 non
697 3359 954 3452 inverifimile
993 3361 1209 3452 videatur.
1248 3355 1491 3469 Hujulinodt

211 3503 353 3580 autem
377 3471 633 3565 animalculis
661 3492 750 3557 tota
775 3473 1008 3592 grollorum
1037 3503 1171 3570 caro,
1210 3473 1258 3562 ὅτ
1284 3468 1493 3558 frumenta

212 3610 562 3707 corrumpuntur.
589 3590 638 3670 ln
663 3581 796 3676 sativae
823 3615 927 3678 vero
955 3597 1068 3672 Ficus
1095 3589 1261 3715 pomis,
1289 3587 1338 3674 ὅ(
1367 3587 1494 3670 eriam

209 3705 493 3820 itr,l.⁷rinosyces
516 3697 727 3795 serotinis,
753 3699 798 3786 in
852 3699 966 3789 uibus
989 3698 1222 3790 stamma&
1244 3700 1380 3816 apices
1403 3717 1494 3780 non

211 3822 498 3939 reperiuntur,
524 3813 612 3906 haec
631 3728 873 3905 animalcriia
897 3841 1112 3934 nunquam
1131 3815 1293 3906 invem.
1315 3817 1381 3898 Ex
1400 3829 1494 3928 quo

213 3939 426 4050 conjicere
453 3925 581 4024 licet,
621 3927 710 4014 haec
738 3923 814 4012 ess‘e
854 3929 1034 4014 Ficarios
1062 3927 1261 4026 culices,
1300 3948 1408 4041 quos
1449 3921 1497 4004 in

212 4049 356 4174 grossis
382 4063 547 4138 tantum
573 4041 679 4128 nasci
708 4037 873 4128 tradunt
899 4040 1142 4154 scriptores.
1170 4047 1283 4128 Num
1308 4061 1411 4127 vero
1440 4023 1498 4152 ad

204 4171 357 4286 sativos
383 4171 494 4248 Ficus
520 4153 690 4256 volent,
720 4155 875 4272 ignoro
899 4184 918 4256 ;
945 4153 1085 4243 sedulo
1112 4154 1198 4241 hoc
1225 4150 1328 4234 inihi
1358 4148 1497 4272 mim*

188 4276 350 4388 tenti,
374 4269 533 4372 nulum
559 4266 653 4360 sane
680 4268 884 4384 insaritis
912 4265 1071 4362 ficubus
1099 4263 1313 4384 apparuit.
1340 4261 1497 4377 Neque

285 4401 288 4412 '
1320 4388 1442 4459 cmm
