4144 5412
468 270 776 402 'trata
825 273 1210 404 narrator:
1352 287 1415 416 a,

229 401 440 496 Mirabili
483 407 631 493 ordine
671 409 711 488 in
752 408 919 490 Acantho
946 410 1060 492 floris
1101 432 1237 522 partes
1265 401 1489 526 disponuuss

208 543 298 607 tur.
328 519 464 606 Flores
496 521 540 602 in
568 519 720 630 spicam
752 515 896 633 digesti
926 522 1241 642 circunquaque
1270 524 1374 610 cauli
1405 531 1488 613 allia

207 656 392 749 guntur,
422 628 560 750 calyce
589 630 755 741 excepti
789 627 1065 750 polyphyllo'.
1101 632 1260 718 constat
1287 634 1356 721 hic
1386 659 1487 752 qua:

208 767 311 830 tuor
338 740 444 828 foliis
472 747 560 830 hoc
588 741 722 826 modo
748 737 967 853 dispositis:
1000 745 1176 857 primum
1198 744 1315 861 quod
1335 746 1487 837 sursum

208 851 360 952 fertur,
387 859 632 948 maximum,
662 851 709 936 &
731 849 991 953 subrubrum,
1021 874 1236 952 curvatur,
1265 854 1312 940 &
1337 861 1485 958 llorem'

206 967 434 1080 cooperit,
480 966 700 1082 prasertim
727 964 898 1075 apices3
940 966 1113 1062 alterum
1139 997 1162 1050 e
1191 967 1351 1069 diretto
1382 970 1486 1082 pofi⁴
1601 981 1603 986 ’

213 1099 332 1175 tum,
357 1079 518 1174 tumus,
547 1107 595 1162 ac
624 1071 791 1160 bifidum
818 1077 940 1159 flores
969 1074 1156 1164 sustentat
1164 1111 1180 1173 ,-
1215 1075 1374 1190 reliqua
1401 1082 1487 1167 duo

207 1188 261 1276 ad
291 1188 420 1274 latera
447 1199 609 1302 jacent,
638 1184 684 1268 δί
712 1181 890 1280 rimuliS,
920 1207 1016 1304 quae
1044 1184 1094 1270 ad
1123 1189 1246 1301 primi
1274 1187 1321 1271 &
1350 1187 1489 1276 secun:

207 1303 251 1386 di
278 1297 368 1386 folii
395 1301 603 1410 junsturas
632 1292 736 1381 relin
771 1317 944 1393 uuntur,
974 1299 1340 1410 luperponuntnr3
1367 1299 1487 1396 ideo,

206 1408 366 1527 nequid
392 1410 576 1498 humoris
605 1405 656 1492 ad
682 1401 744 1490 fru
817 1409 1242 1520 incorrumpendum
1275 1431 1485 1521 penetret,¹

209 1521 313 1607 dum
339 1550 363 1604 a
391 1517 538 1631 pluviis'
575 1515 726 1603 fruilus
764 1514 1043 1626 deprimitur,
1081 1520 1309 1632 praestant.
1345 1519 1484 1606 Floro

207 1659 341 1748 porro
371 1631 497 1715 unico
525 1629 713 1714 constant
738 1623 883 1738 petalo
909 1629 1007 1716 hinc
1037 1628 1255 1718 intubum
1297 1631 1485 1720 commis-

207 1745 274 1837 so,
302 1740 399 1824 hinc
427 1738 470 1821 in
499 1737 728 1856 oblongam
754 1739 964 1854 linguam,
1008 1766 1102 1858 quae
1129 1741 1321 1830 deorsum
1354 1739 1485 1832 fertur

206 1847 402 1938 trifariam
423 1848 548 1945 sena,
575 1849 806 1964 produsto.
836 1859 981 1968 Qare
1001 1858 1123 1936 flores
1145 1853 1359 1941 unilabiati
1381 1855 1483 1942 sunt.

203 1971 374 2050 Summo
402 1961 512 2048 tubo
540 1964 855 2079 circunquaque
874 1968 984 2048 intus
1007 1965 1185 2075 affigitur
1208 1963 1484 2054 candidorum
1620 1993 1624 2000 ·

203 2071 506 2162 Elementorum
534 2073 684 2167 ordo,
713 2096 806 2187 quae
838 2073 945 2158 inter
972 2069 1009 2158 se
1037 2074 1408 2174 itaconveniunt,
1437 2096 1486 2163 ur·

205 2185 311 2270 nihil
340 2180 407 2272 vel
437 2179 589 2295 pluvia
615 2182 793 2278 rorisve,
820 2181 887 2284 vel
914 2185 1016 2268 aeris
1047 2187 1156 2268 craffi
1177 2185 1225 2270 &
1250 2185 1411 2271 humidi
1433 2187 1488 2274 ad

206 2293 389 2384 scottum
415 2318 635 2407 penetrare
654 2295 794 2408 poffit.
826 2292 1163 2402 Quatuorcralla
1185 2295 1367 2382 &firma
1394 2327 1488 2385 cor·
1599 2359 1602 2366 -

208 2436 315 2524 pora
341 2439 365 2492 a
392 2405 660 2518 receptaculo
688 2405 928 2502 nascuntur,
959 2405 1215 2492 &interiori
1244 2410 1395 2496 llorurn
1415 2437 1487 2524 pa..

206 2520 303 2608 rieti
331 2519 450 2604 affixa
478 2516 734 2602 ascendunt:
763 2517 852 2602 hac
880 2516 1048 2602 stamina
1073 2515 1191 2613 sunt,
1221 2519 1370 2635 quibus
1399 2526 1487 2636 api.

208 2659 276 2720 ces
308 2629 420 2719 cralli
447 2627 745 2723 annedtnntur,
775 2629 1020 2717 extrinsecus
1043 2627 1286 2727 subvirides,
1314 2630 1362 2715 ὃ(
1391 2661 1488 2718 can·

206 2742 321 2832 didis
349 2735 457 2827 villis
486 2742 642 2833 ornati,
671 2741 778 2824 intus
807 2737 1099 2824 luteamateria
1128 2735 1293 2823 referti.
1321 2741 1376 2821 Hi
1405 2741 1481 2829 sub

210 2851 361 2970 calycis
391 2843 568 2934 fornices
597 2844 908 2932 reconduntur.
937 2848 1117 2960 Embryo
1139 2873 1272 2958 porro
1300 2850 1343 2930 in
1370 2853 1486 2938 floris

210 2983 356 3054 centro
385 2955 534 3070 positus
563 2957 704 3044 tubam
743 2955 975 3070 oblongam
1010 2959 1057 3044 δε
1096 2956 1263 3045 bifidam
1299 2957 1487 3072 profert:

212 3078 261 3164 δε
287 3099 364 3189 per
390 3071 666 3155 maturitatem
694 3061 847 3153 fruetus
876 3069 1044 3166 evadit,
1071 3073 1143 3191 qdi
1172 3070 1224 3153 ad
1251 3069 1412 3184 glandis
1442 3071 1487 3160 li,

211 3200 358 3307 gu'ram
384 3183 542 3266 accedit
570 3207 644 3294 per
671 3177 956 3266 intennedium
995 3189 1195 3294 parietem
1222 3182 1268 3266 in
1308 3181 1395 3268 duo
1424 3182 1488 3268 loa

213 3298 444 3387 culamenta
473 3291 704 3391 distinitus,
732 3289 775 3373 in
804 3287 952 3411 quibus
974 3295 1098 3412 gibba
1120 3291 1270 3380 semina
1297 3293 1485 3380 condum-

214 3434 304 3500 tur.
564 3463 567 3472 ⁴

222 3581 226 3588 -
270 3520 336 3608 Ab
367 3515 561 3605 anomalis
586 3514 755 3602 floribus
778 3515 829 3602 ad
848 3512 1019 3603 labiatos
1040 3513 1303 3608 transeamus,
1332 3515 1487 3630 exqui.

215 3637 291 3724 bos
321 3630 516 3720 sumamus
544 3631 590 3710 in
616 3627 851 3741 exemplum
1169 3671 1175 3684 ·

269 3753 483 3832 ,Malueram
511 3748 643 3824 levem
669 3741 780 3826 Dod.
808 3751 956 3856 Pempt.
984 3767 1035 3844 92
1054 3783 1071 3836 ·,
1100 3741 1149 3825 δί
1175 3733 1372 3823 Tournef.
1401 3742 1484 3854 Iasi.

223 3919 229 3928 ·
262 3909 266 3916 ·
330 3863 380 3944 R.
409 3855 530 3942 Herb.
564 3851 652 3961 187.
679 3851 869 3968 Melrffam
895 3856 1151 3938 Moluccanrm
1172 3875 1195 3951 ‚'
1213 3855 1403 3938 odoratam
1435 3854 1484 3936 C.

218 4017 227 4034 ·
323 3975 367 4054 Β.
392 3981 474 4054 Pin.
507 3993 596 4070 229.
1477 4017 1511 4072 ·.

221 4133 233 4142 -
267 4089 318 4176 ln
337 4081 417 4167 hac
437 4083 558 4166 flores
580 4071 851 4167 verticillatirn
883 4076 1100 4167 nascuntur
1134 4102 1292 4193 magno
1321 4073 1488 4192 calyce,

210 4191 509 4310 monophyllo,
540 4183 975 4276 &infundibulifonni
1008 4193 1209 4302 excepti,
1237 4190 1355 4298 cnjus
1388 4211 1482 4296 pars

124 4397 128 4404 ,
213 4307 392 4426 ¹superius
412 4303 618 4424 produola
644 4304 776 4391 flores·
799 4301 1062 4500 ipsorumqtfre
1094 4320 1230 4418 parter
1266 4295 1488 4494 repperit,

418 4472 423 4483 =
478 4455 480 4460 ·
1080 4445 1103 4528 3
1362 4431 1432 4494 ene
