4120 5414
644 212 733 302 rra
863 200 1568 317 olssurrarro

575 335 788 452 (quorum
813 324 1137 432 uastationem,¹
1155 343 1251 406 cum
1274 317 1574 407 antecessbrum
1582 349 1862 424 meorumex.

570 440 715 556 emplo
739 435 946 526 declinare
966 429 1153 550 possem,
1180 427 1284 520 mihi
1313 453 1452 520 tamen
1482 431 1596 521 ultro
1619 435 1748 526 sciens
1778 476 1858 534 vo.

571 555 737 672 lensque
758 551 950 664 injunxi)
973 568 1133 635 tantum
1152 573 1284 640 cutae,
1308 541 1606 650 solicitudinis,
1632 547 1788 642 laboris
1802 557 1857 664 al,-

574 669 710 757 latura
730 664 821 762 est,
849 661 1131 792 quantumin
1159 652 1335 744 floribus
1366 651 1606 786 lingulatis,
1634 664 1857 756 flosculosn

571 780 748 900 proprie
768 776 887 864 distas
901 827 921 875 ,·
944 775 991 861 &
1020 772 1178 866 radiata
1208 769 1390 883 capitula
1420 774 1857 897 terentibus.,suscepi,

571 891 761 986 sustinui,
787 887 837 972 dt
857 897 936 974 ‘am
961 881 1049 972 fere
1069 880 1311 974 exantlavi?
1338 885 1456 996 Quid
1475 889 1586 976 enim
1605 889 1779 984 estinter
1793 922 1859 979 ar.

572 1009 696 1097 bores
718 1062 733 1097 ,
758 999 807 1083 &
829 919 994 1120 liuticos
1029 1019 1113 1084 tam
1145 994 1431 1098 laboriosum,
1459 1019 1545 1089 tam
1573 1027 1718 1116 parum
1746 1008 1853 1091 arei

475 1139 478 1146 ’
571 1113 781 1206 Botanicae
798 1107 1090 1224 profelloribus
1125 1108 1365 1208 excultum,
1394 1115 1517 1198 tantis
1546 1111 1850 1206 difficultatibus

572 1222 809 1314 inuolutum
828 1285 843 1322 ,
865 1221 984 1342 qu'od
1003 1226 1087 1321 iis,
1113 1249 1206 1343 quae
1226 1219 1402 1338 perhos
1433 1221 1504 1312 sex
1532 1225 1619 1314 dies
1654 1225 1851 1328 viduum,

569 1340 618 1426 ὅ(
638 1339 725 1424 boc
744 1357 829 1421 tem
860 1365 934 1422 ore
955 1333 1077 1424 visuri
1095 1335 1253 1434 sumus,
1277 1359 1359 1532 qur
1380 1340 1558 1424 omnino
1577 1335 1625 1424 stt
1642 1335 1850 1428 fututum?

573 1452 689 1536 Num
710 1446 787 1534 alia
807 1361 925 1536 slbris
948 1443 1105 1546 forma,
1133 1446 1212 1534 alia
1234 1447 1487 1550 dicrimine,
1516 1449 1602 1542 alie
1621 1474 1760 1564 partes
1787 1477 1850 1536 ar·

573 1561 746 1650 boribus
768 1555 1063 1678 fruticibusque
1083 1559 1281 1650 attributa
1301 1557 1425 1661 sunt,
1453 1590 1579 1684 quam
1601 1589 1697 1679 quae
1715 1561 1854 1648 herbis

573 1669 928 1788 suffruticibusque
949 1687 971 1760 ἒ
996 1676 1121 1770 Haec,
1148 1671 1253 1760 srita
1272 1673 1394 1771 sunt,
1420 1675 1672 1770 Auditores,
1700 1677 1857 1764 mirum

571 1780 771 1899 profesto
795 1785 917 1874 vobis
940 1810 1029 1869 non
1048 1784 1282 1886 videbitur,
1310 1785 1428 1908 quod
1446 1813 1555 1884 nos,
1584 1782 1695 1905 quasi
1725 1816 1774 1872 re
1803 1815 1854 1872 0-

570 1897 717 1982 mnino
740 1897 930 2008 peraeta,
956 1895 1069 2016 quast
1088 1919 1250 1990 tantinn
1268 1899 1440 2030 spatium
1449 1895 1583 1988 adhuc
1609 1923 1849 2009 percurren-

570 2007 673 2094 dum
699 2033 789 2092 non
812 2007 957 2106 restet,
984 2035 1073 2095 non
1089 2010 1298 2102 mediocri
1317 2041 1418 2104 cura
1448 2041 1498 2102 ac
1517 2009 1659 2106 labore
1688 2021 1765 2096 nos
1797 2007 1857 2096 al·

570 2118 729 2208 levatos
758 2113 991 2210 fateamur.
1029 2129 1323 2244 Quanquam,
1362 2151 1504 2244 neque
1540 2124 1598 2222 ob
1633 2151 1681 2209 ea
1705 2119 1855 2242 quibus

570 2240 654 2358 jam
676 2229 915 2344 perfundas
938 2233 1054 2332 sum,
1082 2240 1285 2436 quoniam
1315 2235 1394 2324 aba
1419 2241 1583 2326 ratione
1611 2263 1739 2353 quam
1770 2233 1856 2326 loci

572 2345 775 2462 dignitas,
801 2348 982 2434 materia:
1002 2375 1098 2462 amp
1115 2351 1267 2446 itudo,
1297 2350 1346 2434 δι
1367 2349 1500 2446 vestra
1518 2350 1670 2438 sutnma
1694 2347 1851 2434 doun-

571 2485 624 2540 na
635 2483 682 2540 ac
692 2453 884 2570 sapientia
896 2487 940 2543 re
973 2461 1132 2558 etebat,
1147 2458 1547 2655 lqertradtatafiaerer
1572 2484 1711 2574 neque
1725 2459 1848 2570 quod

572 2567 707 2652 minus
727 2570 864 2652 oneris
883 2573 938 2657 mi
976 2574 985 2587 '
1005 2575 1144 2686 supere
1177 2569 1426 2671 esentiam,
1453 2571 1531 2658 bos
1554 2569 1714 2658 animos
1744 2569 1855 2656 reci⁴

571 2679 671 2794 pio.
697 2678 778 2765 Sed
800 2679 956 2781 vestra,
984 2685 1234 2781 Auditores,
1259 2681 1416 2781 studia,
1442 2681 1573 2773 vestra
1591 2679 1858 2778 humanitas,

571 2787 706 2915 vestm
725 2791 1041 2899 benevolentia,
1068 2801 1121 2887 de
1178 2795 1313 2892 uibus,
1335 2793 1407 2882 etsr
1419 2794 1550 2884 nullus
1571 2817 1761 2906 unquam
1782 2791 1856 2880 dua

575 2902 789 3006 bitallem,
816 2931 952 2996 tamen
973 2942 1024 2999 ea
1051 2825 1241 2999 nondum
1259 2911 1320 2994 ita
1347 2909 1481 3025 longo
1504 2906 1574 2994 usu
1607 2905 1779 3019 cognita
1807 2903 1857 2990 δε

573 3013 796 3130 explorata
816 3022 1051 3123 habebam,
1078 3052 1144 3110 me
1166 3021 1376 3118 excitant,
1401 3020 1616 3114 reficiunt,
1642 3039 1856 3116 recreant,

572 3125 845 3235 confirmant,⁸
871 3135 936 3223 his
960 3137 1077 3222 om'ni
1099 3129 1262 3250 prorsus
1283 3161 1381 3222 cura
1400 3163 1448 3219 ac
1470 3129 1730 3219 solicitudine
1756 3125 1859 3220 liber·

570 3263 719 3342 ratus,
748 3271 893 3336 cetera
917 3248 1091 3335 secunda
1112 3271 1290 3362 quoque
1310 3245 1361 3330 dc
1390 3242 1578 3330 faciliora
1612 3237 1704 3330 fore
1726 3239 1863 3329 confi-

571 3352 651 3438 do.
682 3364 847 3466 Quare,
876 3363 1068 3450 Auditor.
1094 3357 1354 3456 Humaniss.,
1384 3359 1583 3477 quoniam
1595 3359 1639 3440 in
1661 3355 1782 3448 vobis
1794 3374 1864 3438 to-

572 3485 638 3555 tus
664 3474 913 3588 acquiesco,
941 3475 1087 3564 vestrae
1106 3474 1186 3558 erit
1214 3473 1528 3589 aequanimitatis
1552 3533 1567 3570 ,
1595 3468 1858 3564 constanriae,

569 3574 797 3691 sapientiae,
827 3609 873 3674 ut
896 3608 1102 3715 quantum
1122 3583 1224 3670 mihi
1247 3586 1397 3681 animi,
1422 3583 1614 3678 fiducie,
1643 3575 1856 3672 filmitudi-

571 3693 633 3773 nis
652 3694 788 3782 studiis
815 3697 1096 3814 consensuque
1119 3694 1259 3787 vestro
1291 3694 1491 3784 hamanus
1517 3692 1742 3789 tribuistis,
1766 3711 1862 3776 tan-

573 3821 662 3889 tum
682 3807 726 3888 in
747 3807 954 3922 posterum
987 3809 1313 3925 impartiamini.
1354 3813 1452 3896 Haec
1482 3807 1509 3894 fi
1542 3807 1668 3904 mibi,
1695 3828 1743 3896 nt
1777 3829 1859 3918 pro

574 3935 692 3996 certo
714 3917 878 4017 habeo,
905 3922 1190 4020 constiterint,
1218 3922 1358 4010 omnia
1381 3930 1464 4033 jam
1475 3919 1679 4020 absoluta,
1707 3919 1856 4038 &perj

574 4025 747 4113 trattata
773 4027 895 4118 sunt.
922 4037 1003 4121 Sed
1026 4037 1229 4122 ucetiam
1245 4037 1292 4120 in
1313 4033 1392 4132 bis,
1414 4031 1575 4152 quibus·
1594 4034 1706 4148 grati
1734 4031 1855 4151 animi

574 4141 758 4228 officium
777 4143 899 4233 vobis
920 4143 1144 4268 fignificare
1175 4146 1355 4246 studeo,
1381 4147 1680 4262 prolixioribus
1716 4142 1853 4264 vtrbls

574 4249 758 4346 molestia
784 4259 926 4380 aliqua
964 4262 1217 4366 afficiamini,
1245 4261 1411 4356 inititnn
1436 4261 1652 4356 hodiernae
1679 4255 1863 4378 diluta-

727 4393 735 4407 '
1721 4389 1806 4460 tto·
