4126 5420
667 311 754 374 112
887 253 1588 388 DIS'SERTATJO

500 377 503 382 ¹
594 404 766 519 'copiam
793 393 1011 482 continere
1038 389 1258 479 creditum.
1278 393 1388 477 Hinc
1416 381 1742 587 comhoiition'er
1765 387 1885 498 (fcio-

586 520 728 634 servus
753 527 911 599 vocant
933 514 949 618 )
974 504 1160 592 adversus
1189 505 1255 589 illa
1285 505 1424 588 omnia
1451 530 1558 588 maa
1588 523 1886 616 temperantur.

597 626 691 712 Alia
714 645 889 742 quoque
916 615 1094 701 remedia
1116 641 1379 726 paranturex
1400 617 1594 726 cichorio,
1618 614 1759 728 qualia
1782 616 1886 718 sunt,

604 766 699 853 quae
728 725 1066 849 phannacopolae
1084 729 1235 842 syrupos
1263 730 1323 840 dc·
1334 727 1504 812 cichorio
1531 729 1664 814 modo
1674 729 1885 844 stmpliccs,

600 846 735 936 modo
763 846 961 959 compofiros
987 861 1251 951 nuncupant3
1283 865 1466 956 quorum
1493 840 1681 928 omnium
1708 843 1792 938 vis,
1828 864 1888 926 at-

636 988 686 1047 ue
716 955 884 1041 facultas
913 951 1144 1066 praecipua,
1171 951 1199 1038 s1
1227 956 1305 1040 rite
1332 953 1604 1068 subigantur,
1634 949 1682 1040 &
1708 978 1761 1040 ex
1787 949 1887 1042 sele-

641 1073 675 1153 is
737 1067 911 1153 artibus.

657 1095 801 1262 Vdnio
831 1203 940 1260 nunc
970 1171 1019 1257 ad
1051 1171 1221 1267 sativum
1248 1182 1498 1278 cichorium,
1538 1178 1581 1265 id
1609 1177 1666 1268 est
1693 1177 1748 1264 ad
1775 1200 1889 1269 vete·

599 1317 692 1376 rum
715 1290 902 1401 intybum,
932 1283 1051 1398 quod
1075 1285 1211 1400 plures
1237 1293 1389 1412 recipit
1410 1287 1683 1382 differentias:
1707 1312 1786 1380 tres
1808 1317 1880 1380 auo

598 1423 682 1488 tem
710 1429 792 1519 ego
821 1398 962 1515 selegi:

653 1515 789 1598 Prima
818 1510 875 1597 est

661 1626 734 1710 1V.
764 1625 980 1708 cichorium
1007 1623 1167 1740 crispum
1216 1625 1418 1714 Tournef.
1453 1631 1534 1740 Just.
1563 1633 1613 1716 R·
1639 1627 1758 1715 Herh.
1783 1634 1879 1744 479ss
2045 1729 2047 1732 ¹

721 1737 895 1820 intubum
914 1737 1117 1848 ficticium,
1147 1739 1305 1853 crispum
1343 1746 1379 1851 J.
1409 1745 1451 1828 B.
1480 1769 1516 1825 2.
1549 1767 1666 1828 1011.
2049 1763 2051 1776 ·

658 1845 798 1938 Altera
826 1875 930 1933 vero

654 1965 713 2070 N.
743 1961 956 2045 cichorium
983 1966 1192 2077 latifolium
1206 2023 1216 2059 ,
1231 1963 1310 2054 slve
1338 1969 1507 2053 forolivii
1534 1972 1707 2078 vulgaris
1736 1963 1880 2050 Tour-
2042 1997 2051 2056 c

716 2066 798 2157 nef.
826 2077 907 2182 Just.
934 2076 983 2160 R.
1011 2077 1131 2159 Herb.
1157 2104 1252 2190 479.
1291 2077 1506 2164 cichorium
1533 2079 1767 2190 domesticum
1792 2073 1879 2162 Ta-

714 2183 831 2271 bern.
857 2201 947 2268 Iron.
981 2217 1069 2298 173.
1966 2195 1969 2198 ’

655 2298 801 2388 Tertia
828 2297 1108 2414 magnitudine
1137 2321 1302 2386 tantum
1332 2296 1504 2389 inferior

652 2413 695 2519 N
707 2417 735 2496 1.
764 2410 977 2492 cichorium
1004 2415 1279 2524 ungoustifolium
1317 2473 1328 2510 ,
1365 2411 1446 2503 five
1490 2421 1660 2502 Eudivic
1705 2417 1882 2526 vulgaris
2050 2485 2051 2512 ,

608 2585 613 2594 -
713 2515 914 2606 Tdurnef.
928 2522 1017 2630 iust-
1028 2525 1075 2610 R.
1096 2523 1209 2606 Hcrh.
1235 2551 1334 2636 479.
1360 2531 1574 2614 cichorium
1601 2527 1878 2642 augustifclium

682 2637 842 2752 ¹Lon,
881 2630 962 2720 slve
989 2633 1140 2719 intubus
1156 2635 1324 2750 fitivu,
1362 2643 1596 2760 ungustifolic
1633 2643 1682 2726 C.
1717 2641 1760 2725 B.
1786 2647 1870 2724 Pin.
2049 2647 2051 2684 ‘

718 2779 806 2860 125.

656 2869 813 2952 Harum
873 2887 974 2945 orro
1005 2885 1093 2944 non
1126 2861 1309 2952 absimilis
1333 2865 1502 2950 cichorio
1521 2865 1703 2979 sylvestri
1719 2865 1878 2961 natura,

601 2998 644 3064 at
671 2885 952 3078 imbeciliior3
988 2973 1172 3093 ideoque
1201 2981 1369 3062 cichorio
1386 2980 1567 3088 sylvestri
1603 2977 1662 3062 uti
1688 2971 1876 3168 hraestat,

601 3081 966 3208 quarumnam,
995 3086 1044 3172 &
1071 3115 1124 3172 ex
1149 3084 1356 3202 sylvestri,
1397 3088 1517 3200 quod
1544 3089 1590 3168 in
1617 3082 1793 3171 colibus
1822 3083 1879 3170 as-

599 3197 733 3312 peris,
761 3191 991 3312 supinisque
1018 3197 1132 3283 clivis
1160 3193 1364 3307 carpitur,
1392 3189 1557 3281 melius.

607 3336 613 3385 :
691 3308 963 3404 Ervenimus‚
995 3306 1249 3404 Auditores,
1279 3305 1331 3392 ad
1361 3301 1547 3393 uicimum
1572 3327 1701 3424 genus
1728 3367 1741 3406 ,
1772 3301 1882 3396 idest

600 3313 689 3531 P
719 3417 773 3506 ad
803 3419 1072 3536 Lampfiorcm.

654 3552 698 3620 In
725 3564 792 3650 quo
815 3563 956 3648 genere
984 3535 1255 3648 liuguictorum
1271 3532 1418 3644 florum
1443 3532 1605 3644 capitulo
1633 3532 1786 3645 calyce,
1812 3530 1880 3645 qui

597 3651 649 3734 ox
665 3651 818 3763 filiolis
845 3647 1063 3757 cquolihus,
1091 3653 1267 3758 uriiequc·
1293 3651 1468 3728 connexis
1483 3645 1538 3751 fit
1570 3705 1583 3740 ,
1605 3669 1879 3758 componuntur,
2044 3655 2050 3728 ⁴

597 3760 732 3872 quihus
750 3757 882 3868 semen
913 3789 1029 3872 neque
1053 3768 1199 3872 puppis,
1218 3785 1337 3867 oreque
1354 3758 1525 3866 squamis
1551 3765 1709 3840 circium
1736 3764 1778 3840 iu
1804 3775 1874 3840 uu«

597 3872 647 3956 dc
673 3871 840 3952 thalamo.
864 3881 1094 3954 continetur.
1339 3877 1342 3884 ’

605 3996 609 4005 “
652 3981 753 4064 Haec
781 3977 979 4095 Lcmhsoou
1017 3977 1073 4064 est
1100 3977 1379 4065 recentiorum
1407 3977 1610 4092 quidem3
1639 3995 1736 4068 'nam
1764 3981 1877 4070 vcted

595 4117 690 4179 rum
719 4093 812 4208 quis
841 4091 1095 4177 ostenderit?
1124 4089 1229 4178 Olus
1249 4090 1466 4212 quoddam
1491 4085 1601 4177 fuiss'e
1631 4091 1679 4176 δι
1706 4091 1880 4180 Diosco-

597 4205 707 4290 rides
736 4202 981 4300 testatus,&
1007 4197 1220 4302 Plinius,a
1281 4233 1338 4290 uo
1367 4203 1490 4289 etiam
1518 4201 1752 4312 proditum,
1771 4223 1882 4288 Larou-

592 4311 708 4430 osam
746 4318 859 4429 apud
896 4316 1204 4430 Dyrrhachium
1242 4231 1343 4424 huri
1367 4309 1534 4425 §cesaris
1573 4311 1720 4430 militer
1748 4317 1883 4416 vitam
2048 4313 2049 4320 ‘

1738 4443 1821 4532 tw,
2046 4451 2049 4468 ⁴
