4168 5418
466 261 746 382 LIBER
797 264 1180 384 PRle82
1350 281 1405 388 i7

194 391 269 508 pso
304 387 457 478 florum
493 386 653 500 pariete
692 381 999 476 filamentotum
1027 387 1151 474 instar
1179 385 1395 504 pendent,
1422 393 1473 481 αι’

194 527 361 592 cernere
387 496 447 586 est
473 499 517 584 in
544 496 822 584 cucurbitaeer's
848 496 1038 588 floribus.
1066 499 1205 587 Floret
1236 523 1374 591 autern
1393 501 1473 590 liu-

146 655 151 665 ·
191 614 361 730 juinodi
390 610 634 697 extrinsecus
664 610 812 696 virides
841 611 950 708 sunt,
977 615 1176 731 quoniam
1205 611 1351 741 calycis
1391 613 1477 700 suc-

191 732 229 814 ci
258 751 333 840 per
360 722 450 808 illos
480 719 718 810 fibrillarurn
744 713 954 810 fasciculos
975 729 1241 813 corrivantur
1266 753 1308 810 rn
1335 730 1476 810 flores,

191 839 232 924 Si
260 865 364 926 vero
391 829 701 950 receptaculum
726 834 941 952 embryoni
964 837 1131 922 minime
1159 835 1469 950 superponatur,

192 975 336 1039 verum
363 946 537 1067 embryo
558 940 844 1058 receptaculo,
874 951 951 1032 flos
971 947 1236 1062 receptlaculo
1257 947 1474 1034 adhaerenr
1509 961 1511 974 '

193 1061 460 1178 embryonenr
488 1078 698 1153 coronat,
740 1055 789 1142 &
815 1083 1042 1172 propterea
1080 1059 1253 1176 ernbtyo
1292 1060 1475 1146 mediam·

192 1192 307 1258 tenet
334 1172 446 1254 floris
477 1188 632 1282 partem
660 1199 708 1252 ac
737 1168 1001 1268 interiorem3
1027 1168 1185 1253 idcirco
1216 1193 1374 1282 partein
1395 1174 1473 1254 ilo,

191 1284 244 1370 ris
273 1282 453 1372 mediatn
480 1280 527 1366 δί
555 1280 795 1368 interiorem
823 1280 868 1362 in
887 1274 1067 1370 fruElutn
1087 1279 1265 1368 crescere
1286 1281 1468 1372 dicimur.

582 1563 892 1674 entur
960 1563 1098 1651 vrrr.

333 1809 475 1924 Qalis
490 1809 627 1924 fuerit
652 1802 863 1918 mlpr'ghii
881 1807 930 1886 de
959 1759 1076 1890 culice¹
1091 1773 1322 1922 sertertiu,

643 1916 690 2020 (r
716 1948 783 2004 cur
809 1920 1031 2006 retinenda.
1463 1933 1470 1942 '

187 2165 445 2388 NUnc,
472 2158 644 2292 quando
672 2157 855 2279 calycem
883 2117 1099 2273 nunquarn
1117 2162 1160 2243 in
1183 2155 1363 2251 frustum
1383 2190 1471 2250 cre-
1491 2210 1576 2280 Tan.
1597 2209 1642 2290 11.

347 2274 457 2360 scere
484 2283 572 2360 latis
600 2269 823 2360 indicatum
849 2270 1061 2368 arbitror,
1101 2273 1151 2358 ad
1181 2273 1328 2393 calycis
1356 2297 1472 2364 natu..

187 2419 276 2480 ram
304 2415 357 2473 ex
387 2384 587 2471 licandarn
608 2383 758 2467 redeo.
786 2389 852 2468 Dc
875 2409 965 2500 quo
988 2377 1186 2495 profedlo
1209 2408 1305 2471 ante
1328 2389 1470 2474 omnia

188 2526 337 2588 narran
367 2525 436 2584 um
463 2493 520 2582 est
547 2494 647 2608 quid
672 2493 792 2609 super
818 2493 899 2578 bac
929 2519 975 2576 re
997 2491 1250 2610 Malpighius
1273 2498 1468 2613 scripturn

187 2615 431 2732 reliquerit,
459 2633 549 2729 quo
578 2607 778 2722 cognito,
805 2601 987 2691 nostram
1014 2633 1190 2724 quoquc
1219 2612 1468 2724 opinionem

189 2729 456 2838 interponere
484 2717 704 2834 possimus.
745 2723 1000 2830 Qanquam
1028 2728 1084 2800 ita
1122 2748 1146 2803 a
1173 2717 1328 2808 summo
1359 2724 1466 2806 Viro

187 2835 338 2956 calycis
366 2832 474 2917 ratio
504 2824 613 2915 clare
642 2825 690 2912 &
717 2825 905 2912 distincte
933 2823 1116 2938 exposita
1143 2828 1243 2912 mihi
1281 2831 1470 2928 videtur,

186 2963 236 3038 ut
275 2943 377 3063 quid
405 2939 576 3056 amplius
605 2934 838 3023 addendum
865 2933 1018 3032 restet,
1056 2961 1145 3019 non
1173 2937 1337 3048 videarn
1369 3003 1379 3023 .
1403 2941 1474 3028 Ad

187 3061 302 3150 hunc
335 3076 473 3144 autern
500 3046 674 3138 modurn
701 3046 755 3133 de
782 3045 921 3162 calyce
948 3045 1136 3164 loquitur
1168 3049 1245 3136 Vir
1268 3051 1479 3158 summust,

190 3175 310 3282 calyx
327 3171 449 3284 floris
474 3163 562 3274 busts
590 3163 639 3271 ψ
665 3160 1000 3276 &fulcimentum
1026 3219 1038 3256 ,
1058 3159 1202 3276 sterque
1230 3189 1468 3280 corporatura

180 3287 367 3400 soliorum
393 3281 666 3388 fluminumque
695 3295 870 3356 exortum
900 3271 1052 3382 fovet3
1095 3285 1186 3386 quin
1224 3274 1270 3368 (θ’
1306 3275 1468 3388 ipsorum

217 3389 413 3505 rogreffurrr
447 3391 652 3502 plerunque
690 3392 880 3497 cooperit.
919 3385 1027 3494 Qrae
1072 3383 1244 3493 quidem
1279 3384 1466 3470 definitio

188 3419 323 3618 longe
355 3525 444 3588 mea
469 3495 662 3580 sententia
690 3489 975 3606 probabilior,
1004 3513 1132 3620 atque
1161 3495 1267 3579 adeo
1296 3493 1472 3590 certior,-

193 3642 324 3732 quarn
344 3635 438 3732 quae
449 3602 582 3805 gaulo
604 3629 697 3693 ante
719 3631 773 3691 cx
792 3600 1097 3727 Tournefortro
1119 3598 1328 3718 desumpta
1351 3631 1470 3698 conr-

193 3743 423 3818 memorata
493 3719 548 3812 it,
576 3719 627 3804 ad
651 3718 792 3804 omnia
811 3716 957 3834 calycis
978 3713 1207 3802 discrimina
1227 3744 1467 3804 accommo-

193 3841 282 3928 dari
309 3830 473 3952 potest.
495 3831 677 3929 Etenim,
704 3825 784 3918 sive
812 3852 905 3942 pars
928 3827 1046 3925 ,floris
1067 3827 1309 3916 interior&
1328 3827 1465 3915 media

192 3951 314 4042 abeat
341 3951 383 4034 in
419 3938 631 4039 frudcurn,
668 3941 747 4030 five
775 3969 832 4026 ea·
851 3939 920 4028 cui
947 3939 1023 4026 flos
1052 3939 1301 4037 innascitur,
1343 3940 1464 4056 calyx

192 4069 316 4152 liores
358 4055 449 4175 ejus
473 4084 524 4143 ue
563 4075 700 4168 partes
728 4050 930 4147 suffulcit,
964 4051 1245 4173 obtegitque‚
1286 4049 1332 4140 &
1359 4051 1473 4164 [πρε.

191 4173 375 4268 fructum
401 4199 466 4258 am
495 4171 528 4254 it
554 4189 679 4285 atque
708 4161 921 4250 defendit.
949 4167 1058 4253 Narn
1084 4169 1128 4249 in
1155 4165 1229 4249 illis
1258 4163 1426 4250 floribus
1448 4185 1471 4257 ,z

192 4287 341 4414 quibus
370 4283 554 4404 apertis,
590 4277 751 4406 calyces
779 4275 968 4382 decidere
994 4277 1159 4482 solersst,
1200 4273 1288 4392 ipso
1316 4269 1472 4476 cbalyci-,·
