4130 5424
197 367 479 460 'constituimus
509 361 689 462 classem,
717 243 881 481 deuna
911 367 1049 478 primo
1070 363 1170 456 loco
1191 353 1233 455 in
1255 283 1483 466 recisio..

192 485 253 568 dis
284 481 471 595 stirpibus
501 509 523 564 a
552 477 672 563 nobis
704 499 869 592 agetur.
900 482 1044 564 Certas
1074 507 1174 568 vero
1201 481 1382 570 bifariam
1409 489 1464 572 sea

192 619 382 706 paramus
408 593 510 678 ltine
539 589 708 687 herbas,
737 587 782 670 δι
810 585 1053 685 suffrutices,
1084 591 1183 676 hinc
1203 591 1389 695 frutices,
1418 601 1482 683 &·

193 705 360 792 arbores
389 703 667 816 seponentes.
705 705 814 786 Inter
853 699 926 786 has
966 698 1179 788 discrimen
1217 705 1460 804 statuimus,

194 815 313 938 quod
340 814 477 928 herbae
505 806 821 931 suffruticesque'
837 813 1006 928 gemmis
1050 837 1166 898 extra
1204 838 1352 904 tertam
1380 822 1462 934 pri·

195 952 345 1035 ventur
359 961 372 1023 3
402 924 592 1020 arbores,
621 918 858 1010 &frutices
886 947 1116 1041 geminent.

202 1109 205 1118 .
230 1040 432 1128 ‚Primum
451 1035 629 1154 'getnmis
653 1057 838 1124 carentes
868 1035 1078 1150 attigimus
1089 1075 1104 1136 ,-
1133 1043 1332 1155 quoniam
1351 1065 1462 1158 gent·

197 1151 362 1264 miparis
394 1150 526 1236 minus
560 1142 773 1261 perfeslae:
806 1145 853 1230 ἃ
882 1173 976 1236 etun
1005 1147 1151 1236 harum
1179 1151 1386 1239 nonnullae
1407 1155 1463 1238 se*

193 1265 306 1353 mina
333 1284 493 1347 tantum
521 1257 776 1373 producant,
804 1251 930 1347 liores
959 1283 1244 1377 nequaquam,
1271 1264 1343 1364 has
1363 1288 1461 1376 pro*

195 1377 355 1460 tinusa
395 1368 565 1488 reliquis
602 1367 849 1486 segregavi,
889 1369 936 1452 &
963 1371 1006 1453 in
1072 1373 1217 1460 rimam
1256 1395 1462 1460 certarum

190 1482 351 1570 classem
376 1511 557 1600 getrunas
595 1479 705 1578 haud
732 1480 991 1596 gignentium
1057 1484 1201 1594 igess1‚·
1242 1483 1332 1571 sunt
1368 1482 1461 1570 sane

190 1595 256 1682 hae
284 1593 600 1707 impersesliores
624 1651 637 1688 ,
664 1587 692 1674 si
720 1620 815 1680 cum
844 1588 980 1687 flore,
1009 1589 1057 1674 δε
1082 1590 1231 1679 semine
1258 1595 1471 1680 instruitis.

168 1726 514 1820 comparentur.
542 1701 740 1822 Reliquas
770 1727 947 1800 omnes,
977 1727 1070 1830 quae
1096 1699 1245 1801 flores,
1274 1705 1321 1791 ὃ(
1347 1703 1460 1790 semi-

188 1843 242 1902 na
270 1817 532 1930 producunt,
560 1813 669 1912 hoc,
698 1844 788 1936 quo
815 1811 1110 1914 distribuimus,
1140 1816 1288 1904 ordine
1316 1843 1459 1902 recen.

174 1926 379 2016 'sebimust
409 1930 461 2013 de
489 1929 551 2014 his
570 1929 718 2042 ,primo
748 1925 846 2013 loeo
877 1955 1080 2042 agemus,
1109 1958 1202 2047 quae
1229 1925 1356 2014 flores
1384 1929 1468 2024 im-,

187 2035 394 2152 perseslos
412 2036 559 2127 'ferunt
589 2039 693 2144 (hos
710 2041 962 2152 ,fisamcntosos
989 2067 1222 2138 vocamus,
1261 2039 1308 2126 &
1335 2065 1458 2156 apem·

187 2153 272 2245 los,
300 2146 432 2238 forma
461 2152 630 2270 quidem
660 2153 905 2249 distinslos3
933 2149 1029 2236 ideo
1058 2151 1253 2250 seorsum,
1283 2149 1381 2238 licet
1409 2152 1456 2234 in

188 2261 333 2349 eadem
360 2261 504 2360 clall'e,
548 2291 700 2380 genera
728 2259 957 2377 hujufinodi
987 2256 1161 2352 floribus
1202 2284 1351 2349 ornata
1380 2288 1457 2376 po·

186 2381 366 2482 nuntur)
397 2373 621 2483 cuiufinodi
648 2373 834 2491 plurimae
863 2372 1004 2486 stirpes
1033 2372 1185 2462 catillis
1213 2373 1323 2472 sunt,
1352 2399 1461 2567 ‹puas

184 2481 507 2580 Tournefortius
537 2493 580 2576 in
607 2483 720 2575 class‘e
759 2483 1100 2600 decimaquinta,
1139 2491 1254 2596 cujus
1294 2487 1368 2568 titu
1386 2507 1463 2569 us:-

183 2599 234 2679 de
263 2599 420 2696 herbis,
460 2599 785 2726 &fitffruticibus
811 2601 910 2710 flore
948 2603 1125 2711 apertio,
1153 2600 1226 2710 sev
1252 2601 1457 2710 stamineo,

186 2703 489 2796 collocaverat.
517 2717 591 2796 His
621 2709 819 2826 peristis,
846 2737 895 2799 ea
922 2711 1108 2821 protinus
1140 2707 1361 2826 aggrediar
1387 2733 1458 2823 ge-

185 2841 287 2902 nera
314 2812 489 2908 floribus
517 2818 734 2931 perfetta,
761 2821 807 2906 &
834 2821 1133 2931 monopetala,
1173 2849 1267 2936 quac
1308 2821 1351 2905 in
1382 2845 1458 2902 no-

185 2952 283 3014 vem
311 2925 444 3014 clall'es
484 2930 693 3019 distributa
729 2927 816 3022 hoc
844 2930 991 3015 ordine
1021 2930 1465 3019 comtnnuorabimus.·

188 3033 391 3135 class‘em,
431 3044 499 3128 cui
524 3070 680 3159 genera
709 3040 965 3128 attribuimus
993 3038 1105 3128 flore
1133 3066 1279 3130 ornata
1307 3068 1456 3132 mono-

181 3148 351 3262 petalo,
368 3165 428 3238 'ac
456 3159 642 3251 anomala,
672 3153 874 3266 quoniam
902 3153 972 3237 hic
1001 3153 1058 3240 ob
1085 3156 1328 3274 inaequalem
1355 3157 1456 3268 figo·

183 3287 276 3346 ratu
302 3257 580 3375 imperfes'tior
609 3265 805 3362 videtur,
843 3265 1023 3380 primum
1050 3268 1299 3378 expediam.
1337 3268 1456 3374 lianc

184 3371 390 3489 sequitur,
449 3404 509 3462 uae
537 3381 673 3464 labiati
698 3373 819 3460 floris
848 3373 1004 3491 plantas
1034 3375 1253 3488 complexa
1282 3374 1361 3460 est=
1389 3373 1457 3458 cui

180 3487 379 3596 proxima
409 3403 530 3574 lions
559 3491 855 3608 campanifermis
882 3487 1025 3580 classis,
1056 3513 1183 3603 quam
1210 3489 1255 3568 in
1274 3505 1456 3603 quatuor

180 3593 673 3714 secamus.partes,'cum
700 3601 785 3686 hoc
812 3595 932 3685 floris
958 3621 1087 3725 genus
1111 3598 1154 3680 in
1174 3595 1350 3684 totidem
1370 3591 1456 3710 spe.

185 3707 270 3791 cies
301 3740 323 3793 a
356 3707 661 3806 Tournefortio
683 3711 927 3808 dividatur,
954 3734 997 3794 tn
1025 3712 1348 3824 campaniformem
1371 3735 1456 3825 pro«

176 3829 268 4014 ,grie
298 3827 464 3922 dissum.
494 3829 727 3923 tabulatum,
751 3823 961 3937 globosttm,
993 3843 1117 3936 atque
1139 3848 1333 3937 patentem
1355 3887 1363 3906 .
1388 3821 1454 3910 Ab

217 3928 247 4014 is
279 3931 331 4018 ad
359 3933 477 4022 iloris
507 3939 868 4053 hypocratertformis
895 3931 1053 4020 classem
1091 3931 1301 4034 transibo,
1339 3941 1453 4045 cujus

153 4065 340 4240 genera
368 4049 476 4136 inter
515 4045 674 4138 class'em
709 4046 1041 4142 recensebantur,
1081 4046 1235 4164 inqua
1263 4075 1331 4140 ea,
1359 4071 1455 4160 quae

180 4159 295 4248 tore
324 4161 680 4276 infundibusiformi
707 4159 939 4256 donantur,
969 4156 1249 4247 collocaverat
1268 4160 1458 4238 Touma-

182 4261 367 4390 sffllfflsr
402 4298 480 4364 nos
508 4275 596 4384 hacc.
620 4277 854 4372 innovant
880 4271 1128 4384 recipiens,
1156 4291 1252 4358 curn
1279 4263 1349 4350 hic
1376 4249 1455 4364 stoc

1323 4403 1402 4468 ca.
