4168 5418
540 233 542 236 ⁵
649 263 704 342 w
859 243 1584 340 AwTHoLoGIAE

586 369 804 472 scendant,
821 361 1343 484 prohibetur.8taminibus
1373 365 1517 560 apices·
1540 367 1776 460 subcaerulei
1805 371 1870 459 in:

586 486 747 573 sidens.
788 482 969 579 Embrvo
1009 505 1140 593 porro
1182 500 1401 588 receptacu
1420 507 1447 560 o
1487 481 1696 594 impofitus
1726 483 1867 574 tubam

587 597 816 723 oblongam
845 586 1004 709 profert
1030 593 1073 674 in
1101 589 1220 703 apice
1250 585 1444 686 crallam,
1486 621 1578 706 quae
1607 591 1710 682 ultra
1739 595 1869 683 stami.

587 736 644 794 na
680 706 897 827 apicesque
936 705 1082 794 sursum
1109 699 1392 826 producitur.
1429 703 1492 789 Fit
1521 726 1659 793 autem
1695 707 1869 826 embryo

585 817 743 908 fruetus
771 818 987 947 globosus,
1016 813 1169 912 luteus,
1197 809 1354 912 mollts,
1384 814 1603 916 odoratus,
1632 815 1870 911 reniformi.

591 934 666 1020 bus
694 930 910 1020 seminibus
938 924 1132 1020 refertus,
1234 1031 1237 1037 Ι

643 1062 820 1132 autemus
844 1047 945 1153 flore
974 1042 1071 1153 rosto
1099 1035 1302 1124 Tournef.
1330 1048 1410 1156 [nst.
1438 1046 1487 1130 R.
1514 1044 1628 1130 Herb.
1668 1077 1757 1152 ²71·
1801 1051 1875 1130 Bm

699 1185 819 1242 tomus
846 1153 1009 1271 Caesalp.
1037 1184 1132 1268 553.
1160 1156 1354 1240 Gladiolus
1379 1160 1560 1274 aquatilis
1588 1157 1697 1245 Dod.
1722 1174 1860 1274 Pempt.

583 1343 590 1350 .
704 1275 778 1354 601

588 1383 757 1470 floribus
786 1406 960 1470 ornatur
997 1413 1022 1468 e
1052 1378 1205 1466 summo
1234 1375 1351 1468 caule
1379 1383 1714 1496 prodeuntibus,
1752 1379 1799 1467 Sc
1823 1381 1870 1466 in

588 1492 807 1584 umbellam
833 1495 997 1612 digestis
1024 1561 1033 1578 .
1063 1491 1174 1574 Senis
1197 1491 1386 1577 constant
1411 1493 1554 1609 singuli
1583 1494 1759 1607 petalis,
1801 1494 1872 1577 tri-

582 1607 664 1697 bus
694 1608 972 1694 exterioribus
1003 1605 1049 1692 δέ
1078 1601 1204 1688 tribus
1233 1603 1533 1701 interioribus,
1562 1606 1733 1701 rubeis,
1762 1631 1870 1718 quo.

588 1749 682 1808 rum
710 1722 786 1804 tria
815 1721 1023 1812 exteriora
1053 1741 1142 1800 non
1172 1716 1227 1799 ita
1255 1713 1443 1804 colorata
1472 1716 1626 1803 suntac
1649 1718 1864 1821 interiora;

614 1833 798 1920 'uoniam'
818 1832 956 1952 calyce
994 1832 1069 1910 flos
1099 1831 1315 1939 privatur.
1356 1826 1532 1914 Insident
1570 1833 1691 1917 flores
1727 1825 1872 1944 singuli

587 1861 661 2034 suo
690 1943 873 2059 periclo,
903 1971 993 2063 quo
1023 1937 1187 2053 plurimi
1216 1943 1266 2026 acl
1295 1968 1423 2027 unum
1451 1941 1630 2040 locum,
1658 1939 1787 2036 veluti
1814 1942 1870 2026 ad

587 2081 805 2152 centrum,
844 2055 1133 2149 conveniunt,
1165 2051 1206 2133 in
1236 2081 1326 2171 quo
1356 2049 1476 2168 calyx
1504 2052 1678 2164 trifolius
1715 2054 1871 2167 tepeti-

588 2196 678 2267 tur,
707 2169 780 2288 qui
810 2196 954 2255 omnes
981 2171 1102 2251 flores
1132 2187 1228 2252 aute
1257 2164 1867 2290 explicationemcontinebat,

442 2328 447 2335 ·
588 2282 901 2398 obtegebatque
926 2349 934 2363 .
961 2285 1010 2363 In
1037 2275 1150 2361 floris
1179 2303 1315 2366 autem
1344 2281 1528 2363 mten'ori
1570 2300 1684 2393 parte
1713 2304 1869 2370 novem

586 2395 682 2484 sunt
711 2392 902 2490 stamina,
931 2419 1025 2482 cum
1052 2390 1235 2502 'apicibus
1265 2389 1400 2476 rubeis
1429 2387 1694 2504 receptaculo
1724 2393 1867 2490 affixa,

589 2509 660 2594 cui
689 2505 736 2590 &
764 2503 899 2617 petala
927 2507 1153 2617 circunqua
1190 2531 1240 2590 ue
1268 2502 1484 2591 uniuntur.
1512 2501 1693 2622 Embryo
1730 2526 1866 2593 autem

589 2613 858 2731 receptaculo
888 2620 1061 2710 affixus,
1097 2611 1147 2697 δέ
1210 2611 1407 2700 aminibus
1435 2617 1866 2704 coronatus'mediam

591 2727 918 2843 &superiorem
953 2728 1066 2812 floris
1096 2747 1255 2838 partem
1284 2749 1434 2825 tenet,
1474 2730 1518 2811 in
1545 2728 1613 2815 sex
1641 2752 1776 2843 partes
1806 2730 1866 2814 di·-

588 2839 788 2940 stinstus,
857 2842 978 2929 uibus
1007 2839 1182 2926 totidem
1211 2838 1318 2927 tubae
1346 2838 1581 2926 adlraerent.
1625 2844 1698 2927 Hae
1727 2863 1865 2934 autem

587 2974 723 3067 partes
765 2867 988 3040 crescendo
1026 2949 1201 3037 totidem
1239 2951 1399 3071 vaginae
1427 2954 1745 3042 membranacea
1771 2984 1866 3046 cva-

588 3065 714 3158 dunt,
742 3061 1059 3176 unicapsulares,
1089 3063 1136 3146 &
1166 3062 1360 3182 oblongis
1392 3065 1603 3152 seminibus
1631 3062 1762 3150 lbetae.

646 3184 785 3262 Linum
801 3178 1008 3287 sylvestre,
1037 3179 1336 3292 angustifhlium,
1345 3177 1510 3285 floribus
1537 3179 1661 3259 dilate
1714 3201 1869 3291 utputa*

593 3365 595 3370 .
693 3285 887 3398 scentibus
913 3292 985 3371 vel
1011 3299 1153 3374 carneis
1191 3293 1240 3372 C.
1267 3293 1308 3370 B.
1337 3296 1427 3369 Pin.
1457 3313 1536 3394 214
1558 3347 1571 3384 ,
1593 3285 1639 3372 &
1708 3285 1869 3378 ournef.

704 3402 785 3510 Jnsl.
813 3404 862 3488 R.
890 3400 1004 3485 Herb.
1035 3428 1136 3512 340.
1164 3413 1300 3488 Linum
1317 3399 1536 3510 sylvestre,
1563 3427 1644 3496 vt,
1671 3406 1870 3520 angustiss-

700 3515 798 3596 lt'um
825 3510 933 3600 Clus
960 3517 1051 3625 Hist.
1081 3511 1172 3626 318.

642 3627 691 3707 In
728 3624 815 3712 hoc
842 3628 964 3711 flores
992 3623 1156 3711 ramulis
1196 3621 1411 3712 infidentes
1449 3623 1638 3748 quinque
1677 3629 1867 3718 constant

585 3735 767 3852 petalis,
807 3735 952 3824 colore
983 3738 1025 3820 in
1054 3763 1312 3852 purpureum
1338 3734 1726 3856 languescentibus,
1769 3769 1868 3860 quae

586 3849 778 3967 quinque
807 3848 954 3968 calycis
983 3846 1136 3937 foliolis
1165 3852 1405 3940 acuminatis
1433 3851 1693 3940 sustinentur.
1721 3855 1866 3943 Stami..

585 3987 645 4046 na
670 3965 858 4080 quinque
887 3961 1154 4072 receptaculo
1182 3967 1327 4063 affixa,
1357 3966 1477 4086 quod
1489 3967 1612 4052 instar
1632 3966 1771 4054 annuli
1782 3996 1871 4055 em*

530 4113 534 4190 j
584 4072 739 4192 bryoni
768 4074 821 4161 ad
849 4071 970 4160 bafim
997 4073 1450 4191 circumjacet,albidos
1480 4079 1615 4188 apices
1635 4075 1865 4190 proferunt.

583 4185 689 4270 Pars
719 4209 857 4273 autem
882 4189 994 4274 floris
1022 4187 1197 4276 interior
1225 4191 1362 4280 eidem
1389 4186 1575 4302 impofita
1597 4193 1866 4318 receptaculo

583 4295 776 4418 quinque
804 4297 1014 4424 instruitur
1042 4300 1147 4392 tubis
1175 4303 1394 4426 insumma
1429 4317 1550 4416 parte
1577 4299 1758 4410 albid182
1795 4301 1868 4412 &2²

1722 4439 1811 4507 aree
