4120 5414
408 265 697 385 LIBER
745 265 1276 376 SECUNDUS.
1338 293 1416 374 181

214 393 433 528 pendent.
462 387 626 506 Qibus
648 415 753 479 vero
782 385 929 505 plantis
960 384 1132 504 plurima
1164 395 1300 489 oleosa
1319 406 1489 491 materia

218 507 350 604 rnest,
372 505 574 634 quoniam
595 501 716 614 huius
739 523 877 612 parces
896 497 1093 603 hamatae,
1114 507 1303 611 adunca,
1326 542 1378 601 arr
1439 513 1492 600 la.

215 643 292 719 eae,
310 615 436 712 vanis
460 642 511 704 ue
530 611 672 701 fonnis
697 611 900 701 instructae
922 609 1070 707 lentius
1101 621 1282 732 pervasa
1305 625 1355 712 de
1373 655 1492 713 erun.

215 759 303 834 rur,
323 643 624 822 dunlrmnoris
646 723 780 851 cursus
800 726 1056 840 reprimitur,
1073 730 1117 814 iu
1134 731 1208 820 suis
1229 731 1336 820 foliis
1358 765 1499 824 resno.

216 868 393 944 rantur,
420 873 469 931 ea
504 865 556 930 ue
585 835 735 928 viridia
753 835 942 934 servant,
976 835 1022 925 δὲ
1042 837 1094 927 ab
1129 849 1310 933 externis
1334 849 1493 964 injuriis

214 953 441 1048 defendunt
454 871 562 1043 ,slac
581 949 744 1034 ratione
765 947 901 1071 petala
921 943 1060 1068 calyce
1070 949 1225 1042 donata
1246 960 1297 1044 ad
1320 957 1498 1052 humum

112 1105 115 1112 “
211 1070 479 1164 delabuntur,
499 1085 571 1153 aut
589 1055 792 1148 tabefa&a
812 1057 1002 1172 insident.
1387 1107 1390 1116 2
1567 1155 1604 1166 NJ

270 1181 410 1269 Petale
429 1202 562 1310 porro
580 1197 675 1295 qua
695 1171 836 1289 calyce
854 1175 1092 1300 privantur,
1115 1197 1262 1374 praeter
1273 1181 1499 1295 peculiaria
1730 1211 1735 1228 ·

214 1293 308 1390 vasa
324 1291 459 1382 multrs
474 1283 716 1377 sibrillarurn
732 1283 927 1374 fasciculis
965 1309 1041 1402 qut
1068 1317 1115 1374 ca
1159 1317 1250 1378 cern
1280 1287 1498 1386 efformare

217 1407 373 1503 solent,
394 1395 602 1499 constant,
631 1400 677 1484 in
696 1424 804 1514 quos
822 1395 983 1492 saccus,
1005 1396 1137 1512 qualis
1172 1399 1343 1490 infossis
1364 1410 1500 1495 omui,

220 1519 296 1606 bus
317 1517 518 1631 reperitur
537 1574 550 1609 ,
569 1512 810 1610 derivatum
844 1505 943 1592 ideo
966 1504 1199 1617 hujufinodi
1220 1514 1359 1628 petala
1380 1543 1500 1606 exte.

217 1630 305 1718 rius
321 1627 465 1718 viridia
483 1616 762 1734 appsrent,&
778 1615 882 1732 saepe
902 1616 977 1708 diu
994 1617 1225 1724 servantur,
1248 1655 1297 1720 ac
1317 1653 1402 1744 pro
1428 1661 1496 1722 ca.

216 1740 312 1860 lyce
331 1734 574 1824 inserviunt.
989 1771 993 1780 ·
1344 1753 1353 1773 ·

228 1897 237 1910 ·
272 1854 341 1936 Ex·
354 1845 520 1939 vasculis
542 1839 815 1963 peculiaribus
837 1841 882 1930 in
900 1843 1068 1936 stamina
1089 1849 1215 1940 eciam
1237 1847 1377 1942 succus
1397 1879 1499 1942 cor.

212 1959 374 2053 rivatur
394 2022 407 2058 ‚
427 1958 476 2046 &
491 1961 538 2043 in
559 1987 581 2044 a
616 1959 727 2045 icum
754 1957 996 2073 corpuscula
1017 1961 1256 2073 excipitur,
1288 1965 1364 2084 qui
1389 1991 1504 2064 rnorr

216 2075 272 2163 ad
291 2071 560 2192 embryonern
575 1983 705 2157 ssrtur
725 2129 735 2155 .
763 2071 917 2156 Purior
933 2077 1074 2159 autern
1095 2069 1331 2191 exiliorque
1349 2073 1503 2170 succus·

217 2187 253 2274 is
277 2186 440 2278 videtur
461 2229 474 2281 ‚·
494 2181 542 2269 δι
563 2175 950 2302 priusquarnpetala
978 2181 1102 2274 succo
1119 2180 1385 2298 repleantur,
1406 2191 1494 2310 api.

217 2325 315 2388 curn
334 2293 573 2410 corpuscula
594 2303 678 2404 jam
693 2291 748 2378 sui
768 2290 945 2412 liquoris
970 2293 1093 2410 plena
1113 2293 1225 2384 sunt.

232 2407 372 2495 suec
392 2406 451 2493 est
483 2409 634 2494 florum
654 2405 764 2491 ratio
792 2415 975 2526 quorum
1034 2405 1141 2498 ctala
1171 2407 1287 2496 cir‘ca'
1303 2413 1419 2504 ernbr
1447 2443 1498 2508 ou

216 2545 314 2608 nean
335 2517 629 2606 collocantur:
657 2515 944 2607 videamusde
975 2519 982 2536 '
1014 2522 1045 2606 is
1083 2545 1177 2641 quae
1199 2443 1494 2645 embryonisus

218 2633 499 2722 innascuntur.
518 2637 566 2716 In
585 2627 649 2716 ln's
675 2652 813 2718 autem
833 2627 914 2718 slve
933 2629 1074 2751 calyce
1097 2635 1253 2720 ornatis
1274 2631 1495 2728 srvedestia
1640 2653 1642 2658 '

219 2747 315 2831 tutis
337 2745 498 2828 extimae
517 2738 673 2827 tibrillae
692 2741 736 2822 in
765 2739 1001 2868 ernbryonis
1031 2743 1232 2830 corticem
1284 2747 1493 2839 roducun.

217 2879 306 2952 tur,
325 2854 479 2970 quaein
498 2849 713 2962 superiore.
726 2871 843 2964 parte
873 2875 916 2937 rn
934 2848 1081 2942 foliola
1109 2879 1217 2968 expa
1312 2857 1495 2978 calycern

220 2967 479 3056 constituunt
498 2959 754 3049 .·Peculiaria
775 2984 914 3052 autern
933 2962 1026 3051 vasa
1045 2993 1121 3080 per
1143 2966 1382 3058 interiorem
1410 3001 1497 3062 em.

221 3079 389 3200 bryonis
411 3076 616 3164 corticem
633 3071 780 3162 sursum
800 3069 1005 3172 feruntur,
1019 3077 1068 3164 8(
1085 3078 1131 3164 in
1152 3075 1285 3191 petala
1306 3077 1345 3166 se
1363 3084 1497 3200 expli-r

221 3215 337 3288 cant,
361 3187 514 3310 quibus
532 3185 635 3304 saep'e
655 3187 878 3274 exteriores
896 3183 1051 3278 fibrillae
1073 3197 1418 3311 conjunguntur,
1446 3198 1494 3286 &

222 3327 447 3420 propterea
462 3301 507 3386 hi
525 3325 615 3418 quo
649 3327 700 3386 ue
720 3300 843 3386 flores
864 3298 1005 3420 calyce
1025 3299 1205 3390 destituti
1236 3307 1413 3401 exterius
1431 3311 1494 3402 vi„

221 3417 330 3504 rides
355 3435 576 3529 apparente
644 3409 832 3532 iquando
852 3410 917 3499 hac
936 3408 1092 3504 fibrillae
1109 3412 1160 3502 ab
1173 3411 1261 3527 ipso
1280 3417 1422 3531 petalo
1432 3421 1497 3510 di.
1531 3455 1625 3532 Tap
1632 3453 1677 3526 11.

223 3527 444 3624 viduntur,
457 3528 572 3614 ot-in
590 3525 879 3610 cucurbitarum
895 3549 1052 3642 genere
1077 3527 1221 3622 contin
1253 3528 1306 3625 it,
1347 3559 1495 3630 uarum
1515 3539 1646 3634 Piger.
1674 3537 1677 3544 '

220 3637 362 3840 {catula
385 3635 588 3762 uiridibus.
601 3633 840 3754 quibusdem
859 3628 1152 3835 apffipendicibus
1177 3639 1221 3728 in
1349 3645 1494 3742 aiunt.

296 3785 321 3840 c

333 3777 475 3866 ‚porro
491 3751 603 3836 florts
625 3769 771 3837 natiue
790 3747 886 3838 clari
930 3746 1051 3839 mein
1071 3749 1350 3842 Cucurbitucrr's
1369 3786 1498 3880 appa·

220 3888 308 3952 ret.
337 3865 484 3959 Sesto,
506 3891 570 3949 erc
590 3889 675 3979 gr„
697 3861 751 3946 in.
763 3861 1030 3952 transversum
1048 3875 1265 3952 cucumeris
1274 3869 1494 3986 sylvestris,

219 3979 362 4089 ausui
377 3977 544 4062 duello.
557 3979 704 4062 urus.
725 3993 807 4086 514
835 3971 971 4064 sru&u
993 3973 1131 4069 adhuc
1163 3973 1309 4094 pufillo
1329 4044 1342 4080 ,
1363 3987 1493 4078 nurlta

216 4115 370 4207 magna
387 4083 588 4216 foramina
605 4087 919 4290 circuntpuaque
930 4083 1126 4218 disposita·
1134 4113 1377 4192 cernuntur,
1398 4123 1495 4225 quar

219 4197 324 4290 fiunt
341 4231 366 4288 a
385 4197 515 4293 recisus
537 4199 635 4296 vairs
647 4223 762 4316 ,pecu
778 4227 907 4292 sarem
930 4199 1096 4292 succum
1113 4228 1156 4290 rn
1176 4198 1309 4316 petala
1327 4199 1493 4294 serene,

217 4305 315 4506 'bus
355 4463 359 4473 =
987 4449 1041 4544 sn
1090 4451 1120 4546 3
1232 4390 1238 4402 ⁸
1340 4428 1440 4524 Haec
1496 4393 1502 4406 ¹
