4126 5420
188 391 248 482 dc
274 385 426 478 caeteris
453 387 574 476 etiam
602 265 793 500 rippam,
823 267 911 470 siin
939 385 1015 472 ell'e
1042 383 1151 471 hanc
1180 299 1391 474 rationein3
1408 385 1463 471 sa-

191 507 245 588 tis
274 499 327 588 ad
349 499 504 617 aliquid
528 501 581 582 de
603 499 832 612 plantarum
855 497 1072 585 virtutibus
1093 497 1461 587 determinandum.

192 613 459 718 Jranseamus
487 614 629 730 itaque
658 609 708 693 ad
737 609 916 694 tertiam.

212 751 214 756 ·
250 730 316 810 De
342 724 422 808 hac
442 748 573 836 porro
592 719 718 808 verba
739 714 924 816 faciens,
955 718 1054 807 illud
1080 723 1256 833 primum
1278 749 1464 836 pronun·

188 833 307 921 clare
331 835 497 920 minime
520 829 806 925 haefitaverim,
827 857 915 914 non
937 828 1048 944 poll'e
1070 833 1261 921 videlicet
1282 863 1335 919 ex
1353 843 1463 922 Ana-

192 937 263 1066 lyst
293 947 491 1065 Chpnica
519 943 682 1030 firmum
735 944 950 1056 uicquam,
984 963 1227 1060 certumque
1249 948 1458 1048 inveniri3
1608 948 1612 956 ’

196 1060 379 1174 quippe,
397 1061 449 1142 de
469 1052 659 1142 omnibus
681 969 827 1167 piantis
848 1080 943 1140 curn
961 1052 1027 1138 illa
1041 1078 1224 1170 quatuor
1245 1058 1464 1142 extrahan-

189 1168 369 1264 -tur·„sal
391 1194 571 1279 nempe,
593 1164 732 1252 oleum
750 1226 762 1260 ‚
784 1191 893 1277 aqua
919 1223 932 1261 ,
953 1194 1001 1250 ac
1023 1189 1132 1250 terra
1152 1227 1163 1264 ,
1182 1166 1271 1252 haec
1293 1193 1367 1278 per
1388 1174 1464 1252 Ar«

194 1303 282 1369 tem
300 1281 358 1366 ita
378 1278 641 1394 subiguntur,
664 1302 712 1362 ut
729 1284 863 1362 morlo
881 1277 1030 1390 magis,
1051 1279 1183 1361 modo
1205 1277 1337 1364 minus
1359 1283 1465 1360 vola.

193 1398 287 1478 tilia
316 1396 334 1492 l
368 1411 414 1475 ut
435 1393 628 1494 vocant)
659 1389 867 1474 evadant.
904 1389 1002 1471 Hoc
1033 1409 1169 1472 autem
1198 1390 1464 1476 celeberrima

194 1501 339 1618 Regia
368 1501 635 1586 scientiarum
663 1498 897 1582 Academia
929 1493 1155 1582 Parifienfis'
1182 1504 1465 1614 experimenta

196 1607 598 1705 afferend0,clar1'us
623 1604 852 1694 ostendam.
879 1610 929 1690 Et
951 1607 1129 1718 primurn
1150 1637 1215 1694 eas
1240 1611 1396 1724 plantas
1418 1607 1465 1698 i'n

193 1724 430 1834 exemplum
440 1716 698 1814 alumnus,
723 1745 901 1836 quarunt
921 1714 1027 1804 succi
1049 1716 1296 1819 vulneribus,
1316 1720 1465 1808 ulceri.

192 1833 348 2032 linque
359 1830 584 1922 illiniuntur
596 1832 689 1916 ‚Ha
709 1854 845 1918 autem
862 1830 1100 1942 Aristolochia
1118 1837 1348 1929 clematium·
1362 1841 1465 1918 recia

192 1950 246 2037 C.
302 1954 415 2028 ,Pisa
444 1975 560 2056 307,
583 1941 749 2054 Scabiosa
769 1943 933 2053 arvenſss
951 1937 963 2040 ζ
977 1946 1064 2052 save
1082 1943 1260 2060 segetulis
1282 1945 1463 2030 Tabern.

193 2075 288 2148 icon.
312 2080 423 2162 159,
450 2053 565 2163 Burfia
588 2057 747 2164 asturis,
775 2085 892 2172 mayor
909 2112 922 2152 ,
942 2058 1043 2170 folio
1062 2059 1212 2254 ζιζκιη
1242 2059 1292 2140 C.
1320 2059 1363 2139 B.
1382 2068 1464 2141 Pin.

195 2167 303 2264 108,
325 2165 372 2250 ὃ(
392 2083 588 2279 conflatili
615 2177 733 2282 major
752 2167 920 2254 Gerard.
949 2193 1045 2254 cum
1141 2168 1298 2255 viribus
1321 2164 1463 2270 similes

193 2276 296 2378 inu,
314 2280 497 2391 partibus
517 2277 731 2372 tamenob
750 2277 856 2364 Anal
899 2307 953 2366 rm
971 2281 1078 2364 inter
1097 2276 1264 2366 ienullae
1283 2275 1466 2394 congru-

193 2414 307 2497 unt3
337 2391 374 2474 Si
410 2389 549 2478 uidem
570 2391 809 2500 aristolochia
827 2391 863 2476 sa
881 2419 903 2474 e
923 2392 1083 2481 volatili
1112 2415 1314 2477 concreto
1336 2405 1464 2475 a'Sca-

192 2504 296 2616 birsa
317 2505 359 2591 di
390 2525 475 2598 ert,
498 2531 587 2620 quo
612 2502 818 2614 privatur.
840 2503 1008 2617 Scabiosa
1026 2497 1348 2624 nequaquimra
1370 2519 1465 2584 sur·

186 2617 385 2734 fipastoris
402 2613 542 2704 salibus
565 2613 786 2726 Alkalicis,
807 2617 957 2745 quibus
978 2615 1045 2702 illa
1065 2637 1177 2702 caret
1195 2678 1206 2713 ‚
1227 2616 1315 2702 lraec
1338 2612 1467 2736 abung

194 2729 270 2814 ciat
278 2761 294 2824 ,·
313 2727 555 2837 asconsolv'da
574 2726 755 2841 denique
774 2727 914 2838 spiritu
934 2731 1095 2817 urinam
1112 2727 1328 2814 redolente
1347 2788 1359 2824 ,
1390 2748 1464 2842 qut

192 2839 253 2926 de
274 2839 468 2945 consolida
480 2837 599 2932 ¹lmud
618 2836 807 2924 educitur
827 2906 836 2924 .
865 2838 1034 2950 Scabiosa
1054 2867 1186 2954 porro
1217 2839 1264 2925 &
1284 2841 1465 2954 svssapa-

183 2953 302 3068 floris
320 2949 378 3036 ob
399 2947 495 3032 sales
516 2944 655 3032 acidos
677 3007 690 3044 ,
711 2973 819 3063 quos
838 2949 927 3036 hac
946 2977 1034 3034 non
1064 2952 1282 3056 continet,
1309 2945 1465 3040 diversa

192 3081 345 3154 natura
363 3054 598 3162 ;,dillirnrlis
618 3084 801 3184 ¹quoque
830 3059 898 3146 illa
919 3063 1118 3173 consolida
1149 3085 1237 3150 tum
1267 3059 1466 3160 salecon-

193 3194 318 3258 ureto
338 3169 494 3262 volatili
511 3194 634 3268 ,tum
652 3165 795 3282 spiritu
816 3173 977 3260 urinam
993 3174 1208 3262 re'dolente
1233 3243 1242 3262 .
1265 3180 1319 3258 At
1338 3173 1466 3283 conso-

192 3287 294 3382 lida,
323 3283 371 3370 &
397 3285 662 3480 Barsapaporis
680 3281 838 3372 volatili
862 3283 938 3371 sale
968 3309 1172 3372 concreto
1185 3286 1466 3372 discriminan-

198 3418 298 3484 tur.
330 3396 517 3522 Siigitur
578 3421 611 3522 ².
646 3392 826 3522 partibus
846 3427 895 3484 ac
916 3399 1163 3523 principiis,
1195 3425 1250 3483 ex
1278 3421 1463 3511 quorum

195 3527 312 3606 certa
330 3531 587 3607 nuxtura‚ac
606 3527 766 3594 ratione
778 3510 1016 3706 plantarum
1026 3529 1194 3596 virtutes
1216 3509 1464 3602 conflantur,

196 3613 413 3718 differunt,
432 3647 520 3704 non
539 3619 666 3708 video
684 3647 758 3707 cur
807 3645 855 3708 nt
874 3615 1066 3706 facultate
1086 3616 1227 3702 similes
1247 3643 1258 3703 :
1293 3639 1334 3702 at
1348 3642 1466 3722 ‚non-

193 3753 274 3828 διο,
294 3731 541 3832 Auditores,
561 3731 608 3818 &
630 3727 834 3845 posuimus
860 3733 940 3830 ,δι
962 3729 1031 3818 usu
1052 3731 1373 3844 comprobatum
1399 3743 1465 3812 aci

194 3870 249 3932 ,αθ
281 3842 482 3942 machis
495 3841 949 3936 ell'eeandcmadversus
970 3841 1140 3932 vulnera
1157 3841 1465 3954 prastantiams

192 3958 230 4042 1²
268 3953 352 4041 sum
369 3959 511 4072 itaque
530 3955 589 4042 est
607 3955 787 4071 partibus
807 3953 968 4042 differre
992 4020 1001 4039 .
1034 3954 1178 4041 Rursus
1202 3976 1339 4040 tamen
1360 3957 1407 4040 ilc
1424 3975 1467 4039 a:

197 4062 346 4154 ilatum
363 4092 551 4156 naturam
571 4097 624 4154 ex
654 4071 845 4158 eradamus
871 4133 880 4153 .
902 4077 1097 4177 Quantor
1115 4067 1214 4151 mihi
1239 4085 1466 4154 occurrunt

197 4181 473 4296 antiquissimo
495 4179 605 4274 uiua
657 4182 849 4268 morbum
869 4201 1089 4298 arquatum
1109 4177 1288 4270 nobiles,
1311 4193 1468 4294 scarras

198 4293 306 4404 bium
324 4296 454 4388 album
476 4299 504 4386 Ι.
524 4297 568 4380 B.
579 4325 616 4410 3.
637 4301 923 4416 3162Bervm'ra
944 4317 1127 4409 purpurea
1151 4290 1252 4375 ΩΒ.
1271 4301 1353 4380 ric
1378 4311 1469 4399 235¹,

256 4471 262 4480 .
1326 4421 1422 4489 Fra-
