4144 5412
399 247 688 372 LIBER
736 252 1267 380 SEcvavs:
1331 305 1422 387 ‘tr'

199 371 376 462 horrere
401 369 549 460 mibifi
579 370 826 468 nificarunt.
855 387 999 494 Quare
1023 421 1118 486 cum
1139 327 1483 511 temerarium3at.

195 507 288 605 que
313 481 529 606 indignum
547 399 797 606 lhilonphi
820 493 1006 589 instituto
1026 502 1074 592 fit
1093 507 1355 616 all‘enfionem
1378 557 1482 645 ρης.

200 597 299 687 bere
327 593 405 682 illis
430 597 550 687 rebus
581 663 595 700 ,
623 604 837 716 quentis
865 608 1211 738 clareptrceptae
1245 656 1372 767 atque
1403 674 1480 731 co«

231 709 322 796 nitae
349 735 439 794 non
465 708 572 809 sint,
599 723 893 838 eoquemagis
922 751 1021 844 quta
1049 733 1092 819 iu
1121 737 1207 828 laoc
1237 768 1364 834 totius
1391 749 1480 848 fere

198 735 414 912 botanices
443 822 573 908 cardo
601 825 803 929 versatur,
833 833 924 922 utsr
949 863 1096 936 verum
1114 846 1190 950 fit,
1217 861 1376 978 magnis
1405 863 1482 952 dif-'

194 929 441 1020 facultatibus
467 930 626 1022 liberati
654 933 802 1040 firnus,
832 945 888 1030 sm
917 974 1067 1040 contra
1094 963 1177 1056 ,in
1205 979 1388 1060 maximo
1410 1008 1481 1064 er.

193 1071 291 1130 rore
312 1045 539 1144 versemur,
559 1070 666 1136 ratus
685 1048 771 1143 sum
794 1057 899 1144 nihil
917 1062 994 1149 effe
1020 1072 1325 1170 conducibilius
1385 1115 1479 1178 uam

191 1157 234 1238 in
262 1153 401 1242 medio
430 1153 584 1245 horum
609 1161 763 1274 placita
785 1191 971 1362 ponere,
1003 1178 1096 1286 utsr
1118 1213 1218 1273 vera
1250 1114 1481 1309 ἀερτὲὴεη-

193 1265 233 1352 sa
260 1263 417 1353 fuerint
446 1328 459 1364 ,
498 1269 649 1356 &nos
688 1301 782 1390 amp
799 1281 1030 1377 eslerernur
1057 1351 1075 1414 ο,
1119 1294 1169 1380 &
1196 1299 1281 1387 aliis
1311 1307 1364 1393 ad
1392 1339 1478 1397 arn.

190 1376 458 1490 plestendum
484 1379 648 1474 ellernus
676 1389 896 1479 austeres.
926 1400 968 1480 Si
997 1425 1110 1490 ennn
1139 1434 1287 1504 verum
1316 1415 1375 1506 est
1402 1447 1476 1512 aut

186 1485 434 1600 corpuscula
469 1487 535 1576 illa
563 1489 693 1582 fotam
721 1500 768 1584 dt
793 1511 1077 1623 magnitudine
1106 1514 1348 1642 inequalia,
1379 1563 1475 1652 quae

189 1599 375 1714 apicibus
403 1597 634 1702 inhaerent,
663 1612 801 1724 excipi
824 1618 870 1702 in
899 1627 1107 1714 uterinam
1137 1636 1279 1728 tubam
1305 1642 1385 1730 five
1411 1653 1473 1760 pr:

187 1708 334 1799 stillum
363 1707 427 1799 vel
453 1711 597 1828 suopte
626 1722 817 1836 pondere
844 1729 1043 1824 devoluta
1076 1799 1090 1836 ,
1127 1740 1300 1837 sihians
1333 1755 1471 1870 pistilli

184 1840 234 1906 os
263 1822 501 1936 proximum
530 1825 578 1912 srt
604 1889 617 1925 ,
646 1830 765 1922 vela
793 1846 926 1932 ventis
957 1846 1011 1934 de
1040 1847 1243 1958 sterilibus
1273 1863 1320 1951 dt
1348 1873 1471 1956 mari.

183 1931 258 2022 bus
288 1932 435 2049 plantis
465 1937 517 2022 ad
543 1935 742 2030 foemellas
772 1950 1059 2046 &foecundas
1086 1963 1256 2070 delata,
1286 1998 1358 2064 aut
1381 2006 1470 2068 non

183 2045 426 2158 corpuscula
463 2045 530 2132 sed
569 2051 750 2162 ipsorum
788 2062 1018 2156 seminalem
1055 2071 1220 2170 succum
1281 2115 1325 2180 er
1357 2092 1469 2180 tubae

183 2159 371 2242 tracheas
399 2181 471 2242 aut
496 2158 659 2247 librillas
688 2167 740 2252 ad
769 2172 1039 2300 embryonem
1066 2177 1198 2289 ferri,
1325 2193 1468 2294 afflatu

183 2271 367 2390 quodam
396 2267 523 2382 ipsum
550 2277 687 2385 primo
715 2285 911 2389 allicere,
942 2291 1044 2379 nihil
1073 2300 1249 2411 amplius
1279 2336 1469 2426 quaeren-

182 2389 282 2471 dum
310 2379 451 2496 judico
481 2411 497 2484 3
525 2381 725 2474 habemus
753 2391 1050 2492 similitudinem
1079 2410 1122 2490 in
1149 2410 1323 2506 homine
1351 2488 1363 2521 ,
1393 2429 1477 2514 hae

181 2493 320 2584 bernus
343 2494 389 2577 in
419 2491 569 2594 brutis,
600 2497 649 2584 δε
667 2509 820 2592 caeteris
846 2519 1142 2610 anianensibus.
1173 2532 1462 2634 Quemadmo-

178 2608 281 2694 dum
306 2607 416 2694 enim
443 2605 486 2690 in
514 2609 784 2705 animantibus
814 2647 889 2734 per
918 2637 1120 2747 vaginam·
1140 2638 1327 2730 immistus
1349 2645 1473 2734 semi:

178 2719 280 2804 nalis
309 2715 468 2830 spiritus
497 2713 632 2832 longo
661 2729 835 2813 circuitu
865 2737 916 2819 ad
944 2744 1179 2860 embryonis
1211 2755 1470 2882 principium

178 2825 362 2916 defertur
396 2889 408 2924 ,
445 2826 487 2910 id
522 2855 573 2914 ue
601 2835 757 2923 excitat
785 2859 912 2967 atque
940 2850 1102 2942 evoluit
1133 2885 1144 2944 :
1177 2859 1266 2948 haec
1296 2891 1462 2978 apicum
1586 2955 1588 2958 .

177 2969 257 3028 cor
288 2935 421 3027 uscula
447 2853 521 3028 vel
542 2939 724 3053 ipsorun
752 2947 947 3042 seminalis
974 2961 1115 3052 succus
1143 2995 1222 3084 per
1249 2975 1391 3067 tubam
1416 2984 1460 3068 in

178 2965 333 3140 nudus
362 3051 579 3140 cavitatem
617 3083 808 3174 receptus
839 3125 853 3160 ,
891 3092 939 3154 ut
965 3077 1145 3187 primum
1173 3081 1225 3169 ad
1253 3084 1367 3176 illurn
1395 3090 1458 3179 lo.

180 3193 276 3252 curn
302 3166 527 3280 pervenit,
567 3169 611 3250 in
638 3193 728 3367 (ppo
758 3176 1016 3292 complicatae
1043 3189 1199 3279 seminis
1231 3223 1366 3310 partes
1397 3213 1455 3316 ja-

179 3297 305 3377 cent,
332 3304 400 3363 eas
429 3282 584 3375 afficit,
610 3279 652 3365 su
684 3284 792 3372 it&
819 3287 1031 3402 explicat.
1060 3306 1132 3385 Sin
1162 3329 1300 3394 autem
1321 3313 1456 3402 minus

180 3415 325 3479 verum
352 3386 432 3484 sit,
462 3393 554 3504 quis
582 3417 669 3475 non
692 3395 809 3483 videt
836 3408 998 3518 quantis
1027 3409 1071 3492 in
1101 3416 1313 3512 tenebris,
1344 3421 1459 3508 &in

179 3524 336 3619 quanta
365 3502 425 3586 rei
452 3500 661 3589 Botanicae
690 3507 923 3622 ignorantia
952 3519 1159 3608 versemur
1195 3529 1456 3641 ,praesertim

177 3641 275 3702 cum
309 3611 488 3704 aliorum
525 3615 772 3704 auetoritate
798 3621 963 3743 decepti
1006 3631 1177 3746 amplius
1206 3636 1463 3762 investigare

177 3723 407 3816 desistamus
445 3732 757 3845 lQraptopter
784 3762 893 3837 nos,
921 3745 1030 3942 pul,
1059 3749 1119 3830 uti
1148 3750 1297 3838 inillis
1328 3759 1451 3849 rebus

210 3865 274 3928 uae·
298 3837 545 3927 aubtoritate
576 3845 846 3954 probantur,
875 3883 899 3938 a
941 3856 1083 3942 uminis
1111 3863 1206 3950 viris
1234 3891 1320 3956 nun
1356 3897 1454 3964 uam

231 3953 394 4043 sciscere
423 3948 597 4042 solemus
625 4015 638 4053 .
665 3959 722 4044 ita
749 3960 793 4044 in
821 3963 999 4058 obscuris
1028 3967 1074 4054 &
1101 3973 1266 4065 incertis
1298 3897 1452 4069 idqtan-

177 4087 268 4160 turn
293 4065 531 4182 sequimur,
559 4070 680 4190 quod
706 4071 828 4162 nobis
855 4081 983 4198 magis
1011 4085 1225 4174 verisimile
1254 4117 1449 4206 apparet,

176 4184 341 4273 veniam
369 4179 543 4291 petimus
571 4241 584 4278 ,
611 4181 640 4266 sr
669 4183 716 4271 in
740 4183 827 4274 hoc
855 4193 1088 4309 quaestionis
1114 4226 1272 4317 genere
1299 4204 1343 4289 id
1371 4230 1448 4288 no-

124 4395 132 4400 ,
177 4292 239 4400 bit
265 4289 500 4436 iaciendum
525 4293 722 4408 videtin,
750 4321 798 4395 ut
824 4329 953 4428 quarn
970 4310 1184 4518 minlipnurn
1200 4311 1448 4526 dostplllligog
