4144 5412
387 199 666 314 LIBER
719 197 1247 322 Sficvnlovs.
1324 245 1406 330 123

246 331 296 416 ln·
320 319 387 412 leis.
412 325 566 438 ltaque.
593 317 648 412 ac
667 317 720 410 in·
740 323 929 435 cognatis
966 317 1045 422 five
1066 347 1308 446 ‘antequam
1345 337 1474 424 liores

187 431 591 551 exploorrur2,nve,·
613 427 832 550 postquam
867 435 1001 522 floret.
1017 435 1181 550 expanb
1210 438 1326 539 sorte,
1361 476 1477 535 nun.

191 577 316 666 quam
344 549 480 663 apices
510 543 724 639 inferiores
765 543 1033 636 transmittere
1072 550 1123 636 ad
1152 548 1273 638 tubas
1301 553 1387 647 luas
1417 561 1474 646 se-

191 659 521 775 rmones-partes
551 656 724 752 valente
762 655 805 742 in
833 656 970 750 claulis
1010 661 1120 750 enim
1163 664 1333 754 floribus
1362 669 1476 772 tubae

192 773 296 860 iuter
325 771 491 866 stamina
520 771 811 866 continentur,
832 777 984 886 apertis
1007 795 1169 872 autern,
1189 771 1261 860 lon
1294 779 1355 880 ius
1376 806 1476 896 pro-

192 883 403 977 ducuntur·
429 884 568 1009 tuba..
588 886 685 972 Haec
706 905 851 995 porto,
880 887 1068 1003 quamvis
1089 803 1321 999 probabib'a
1344 893 1486 979 omni--

192 995 266 1084 bus
296 997 427 1088 videri
455 995 709 1090 existimem,
737 1001 899 1104 majora
929 1021 1071 1094 tamen
1095 997 1244 1084 addam
1267 1005 1489 1130 ,tquibue‘

189 1106 303 1308 rdtplla
331 1109 493 1198 ratione
520 1107 686 1224 apicum
713 1109 956 1221 corpuscula
998 1107 1115 1200 tubas
1147 1108 1308 1230 ingredi
1342 1114 1476 1204 osten.

247 1247 314 1310 m.
475 1301 479 1310 .
519 1304 522 1315 .

609 1505 920 1610 cltrUT,
974 1510 1057 1594 IX.

234 1748 356 1860 Qld
381 1751 424 1832 iat
449 1743 669 1839 umbellatis
682 1747 864 1862 floribus,
890 1749 987 1836 tuba
1009 1753 1218 1869 plerunque
1250 1785 1303 1840 ex
1329 1783 1433 1846 rece*

384 1847 547 1976 placule.
562 1866 835 1977 egrediuntur,
863 1863 1007 1967 decrrffis
1027 1869 1195 1980 petalis,
1208 1869 1292 1980 sta-

488 2048 492 2073 ,
556 2080 560 2090 ι
598 1973 795 2088 minibus,
821 1971 1074 2089 apicibusque.

196 2213 405 2432 CUm
442 2207 571 2298 multa
600 2242 624 2297 a
664 2213 896 2410 percipio,
922 2218 1167 2332 quominus
1195 2245 1261 2306 me
1289 2217 1342 2303 ad
1370 2215 1481 2304 hanc

338 2322 602 2422 sententiam,
640 2352 725 2440 qua
765 2347 805 2412 ta
821 2331 853 2410 is
881 2333 1047 2440 apicum
1075 2327 1162 2416 usus
1189 2330 1481 2430 constituitur,

197 2429 456 2522 transferrem
482 2496 500 2538 ,¹
524 2437 810 2537 revocabant,
837 2460 925 2530 tum
954 2435 1055 2526 illud
1082 2445 1128 2526 in
1157 2443 1332 2558 primis,
1360 2437 1483 2558 quod

198 2547 242 2632 in
269 2547 461 2634 omnibus
490 2541 577 2632 fere
604 2545 830 2662 stirpibus,
858 2576 1036 2669 quatum
1061 2553 1184 2639 flores
1213 2553 1271 2641 ob
1299 2551 1362 2639 sui
1386 2550 1479 2636 situs

197 2659 494 2746 rotunditatem
522 2657 729 2744 umbellati
758 2685 991 2756 vocantur,
1022 2661 1123 2786 saepe
1151 2664 1289 2778 saepius
1318 2664 1482 2748 contin-

232 2795 300 2854 ete
327 2767 554 2858 videbam.
582 2770 727 2866 Nam,
757 2795 851 2854 cum
881 2769 924 2850 in
953 2791 1105 2856 eaeterts
1133 2767 1220 2858 fere
1244 2772 1390 2886 plantis
1420 2795 1485 2857 tu-

200 2795 263 2969 ba:
291 2875 359 2966 vel
389 2875 539 2964 eodem
567 2897 778 2990 tempore,
807 2907 898 2996 quo
925 2883 1050 2966 flores
1077 2882 1353 2996 aperiuntur,
1381 2880 1418 2966 se
1445 2878 1486 2965 se

205 2988 408 3084 extollere
432 2986 608 3086 soleant,
638 2986 704 3076 vel
731 2997 816 3102 jam
843 2989 1066 3103 expansa,
1095 2996 1287 3081 nondum
1311 2991 1486 3081 floribus

95 3146 98 3152 ·
205 3099 439 3216 explicatis,
471 3102 751 3217 reperiantur,
769 3103 812 3184 in
840 3099 1156 3194 umbellatorum
1182 3108 1336 3194 florum
1360 3109 1494 3222 gene·’

203 3213 313 3304 ribos
352 3243 490 3338 neque
530 3239 734 3300 unacum
768 3211 939 3300 floribut'
968 3212 1202 3334 plerunque
1243 3217 1453 3330 prodeunt
1471 3249 1500 3316 ,ι

205 3355 257 3420 ne
291 3355 347 3413 ue·
371 3350 466 3416 ante
493 3327 646 3413 florum
673 3323 994 3439 explicationem
1033 3329 1141 3414 tubae
1171 3327 1379 3412 existunt.
1406 3329 1490 3410 Ta.

207 3353 542 3532 hebetantem
571 3435 747 3550 petalis,
789 3437 847 3532 δι,
864 3433 1097 3524 staminibus
1140 3436 1404 3550 apicibusque
1434 3434 1488 3521 ad

208 3577 361 3644 terram
387 3546 615 3647 devolutis,
643 3550 799 3636 exoriri
827 3549 1030 3664 incipiunt
1058 3545 1190 3645 tubae,
1208 3545 1281 3644 δι,
1309 3546 1489 3632 crescen-

208 3689 257 3756 te
279 3662 438 3764 frusto,
468 3659 684 3777 longiores
707 3659 908 3752 evadunt.
938 3667 1212 3776 Quapropter
1239 3659 1282 3744 in
1304 3659 1368 3748 his
1389 3684 1489 3744 cun.

211 3780 287 3880 &eia
313 3777 485 3866 floribus
513 3772 622 3860 nulla
648 3775 811 3863 ratione
840 3775 1005 3890 apicum
1031 3767 1273 3890 particulae,
1306 3775 1490 3888 apicum-

244 3922 296 3980 ue
323 3891 469 3983 stactus¹
489 3883 640 3975 deferri
700 3884 837 3980 ollitnt'
860 3913 935 4003 per
955 3887 1073 3976 tubas
1095 3887 1138 3972 in
1156 3881 1357 3985 frustum,
1383 3911 1504 3970 nom«

210 3919 311 4097 gum
338 3999 601 4092 existentibus
629 3916 758 4093 tubis.
785 4005 881 4088 Hoc
911 4023 1048 4090 autem
1076 4025 1123 4088 ut
1151 3998 1297 4089 clarius
1326 4002 1505 4083 innoro.

210 4119 327 4213 scae,
364 4115 505 4229 stirpes
523 4113 751 4208 nonnullas
780 4109 1046 4208 umbellatum
1082 4119 1231 4205 florem
1267 4114 1488 4228 gignentes

209 4228 538 4350 perpendemus.
1425 4287 1430 4296 ·

289 4427 293 4453 .
400 4431 403 4440 .
1283 4331 1436 4450 sivla
