4126 5420
638 267 711 374 ²84
916 253 1533 371 DIS'SERTA'TIO

583 383 766 498 lingula&
781 399 797 463 t
812 393 914 495 'quo
947 379 1098 461 florum
1134 399 1286 490 genere
1318 385 1568 475 meracium,
1602 379 1863 479 pensionis}

582 503 762 586 Maca,
792 489 1014 610 Lampfima‚
1044 500 1168 600 Traga
1190 511 1215 566 a·
1234 516 1278 568 an
1305 482 1546 574 donantur.
1566 493 1656 576 Hos
1677 493 1797 577 flores
1821 521 1863 576 a·

570 600 1043 720 puriTouroerortium
1045 513 1342 708 semisistalofias
1351 601 1588 684 nominatos
1602 603 1862 714 accepimus,

574 714 694 802 uuila
714 715 820 796 inter
840 709 920 793 hos
942 711 1014 824 qui
1037 707 1187 803 tribus,
1217 705 1264 790 &
1277 706 1537 820 ,radiatorum
1557 707 1856 812 semiflosculos,

593 827 669 939 qui
680 821 834 910 duabus
846 813 1114 906 efformmtur
1129 815 1332 946 partibus,
1356 817 1484 932 pofita
1497 819 1741 910 differentia.
1759 828 1859 916 Hac

574 937 716 1052 'igitur
745 936 821 1019 tria
856 934 1005 1017 florum
1033 928 1255 1014 distrrmina
1285 927 1411 1016 tribus
1432 929 1620 1020 'claffibur
1640 936 1858 1022 continen-
1896 977 1900 988 ·

586 1065 656 1134 tur
684 1081 698 1144 ,·
741 1046 872 1157 prima
891 1044 1086 1156 flosculum
1114 1045 1342 1155 lmgalatum
1370 1043 1661 1156 complestitur
1688 1079 1705 1144 ;
1732 1047 1857 1133 altera

580 1159 779 1272 flosculum
809 1179 878 1268 pro
901 1165 959 1235 rie
994 1158 1172 1254 didam
1205 1154 1325 1238 tertia
1342 1153 1660 1268 srmssosculum·,
1698 1159 1771 1272 qui
1799 1181 1857 1254 taff

584 1295 683 1356 meo
711 1262 808 1350 nulli
838 1179 1076 1376 piantarum·
1096 1265 1247 1378 generi·
1265 1263 1439 1354 seorsum
1461 1265 1671 1359 afloscuio
1690 1271 1858 1384 proprie

582 1379 705 1464 'dieao
732 1374 909 1472 insidet,
937 1374 1002 1460 sed
1030 1373 1145 1459 iilum
1172 1376 1398 1465 comitatur
1424 1377 1580 1494 semper
1609 1444 1621 1478 ‚
1650 1378 1858 1466 circumsea

580 1493 761 1606 pitque,
786 1487 874 1571 hoc
904 1511 1129 1582 coronam,
1160 1483 1235 1569 illo.
1254 1486 1407 1576 discum
1427 1491 1697 1577 constituente
1721 1558 1731 1576 .
1758 1493 1859 1576 Ter-

590 1603 658 1686 tiae
686 1602 826 1714 itaque
856 1596 978 1682 classis
1007 1595 1144 1682 titulus
1164 1597 1235 1683 hic
1258 1623 1270 1680 :
1305 1605 1353 1686 de
1366 1603 1510 1716 plantis
1516 1603 1679 1713 floribus
1696 1631 1860 1722 manopeu

578 1717 684 1798 -ratis
707 1710 930 1836 conglobatis
950 1719 991 1794 ia
1019 1713 1168 1795 radiata
1195 1743 1234 1794 ca
1258 1717 1355 1794 itala
1381 1715 1551 1824 digestim
1645 1754 1648 1764 ·
1844 1705 1850 1724 ’

600 1884 603 1893 .
642 1825 711 1906 De
738 1819 921 1906 hiriane
949 1818 1126 1906 classibus
1161 1849 1211 1906 or
1240 1825 1307 1906 ine
1335 1819 1462 1908 auum·
1493 1822 1654 1921 sunus,
1684 1825 1734 1908 &
1750 1819 1861 1937 ,pross

589 1955 732 2048 pterea
757 1935 814 2018 de
839 1933 968 2046 prima
992 1935 1042 2018 in
1056 1929 1259 2018 hodierna
1278 1931 1579 2038 diflertatione.
1607 1941 1734 2046 Cujus
1758 1961 1858 2048 por.-

583 2075 636 2131 ro
664 2045 827 2131 initium
846 2067 1065 2164 antequam
1086 2043 1351 2158 expediamus
1373 2102 1384 2142 ,
1411 2043 1500 2130 haec
1521 2071 1597 2134 vos
1616 2043 1717 2132 scire
1744 2041 1862 2134 volu·

581 2169 673 2246 mus
697 2183 707 2240 :
737 2155 889 2243 horum
909 2161 1059 2243 florum
1079 2179 1265 2244 naturam
1290 2152 1365 2243 ess‘e
1388 2219 1400 2254 ‚
1428 2178 1476 2244 ut
1495 2157 1650 2246 summo
1671 2154 1858 2278 embryo-

579 2270 628 2352 ari
656 2267 891 2384 plerunque
910 2269 1033 2352 flores
1061 2267 1351 2366 itmascantur3
1380 2267 1426 2353 in
1453 2267 1696 2384 quibusdam
1724 2291 1859 2354 tamen

587 2403 749 2504 partem
765 2380 888 2462 floris
911 2379 1184 2475 interiorem,
1213 2379 1261 2464 &
1286 2375 1420 2466 media
1448 2402 1563 2466 tenet
1586 2379 1786 2499 embryo‚
1814 2403 1860 2465 ut

579 2517 633 2574 an
675 2488 931 2586 Glabalaria',
968 2489 1013 2573 &
1040 2490 1083 2571 in
1107 2488 1410 2600 chrysanthemo
1439 2503 1585 2607 Capitis
1612 2508 1710 2576 Bona
1743 2502 1858 2604 Spei,

579 2623 797 2713 repente„
814 2602 913 2714 flare
941 2602 1085 2719 aphylio
1107 2603 1254 2728 Breyn.
1275 2621 1382 2688 cent.
1407 2633 1439 2686 1.
1463 2637 1478 2688 r
1484 2611 1552 2713 56.
1575 2631 1589 2705 3
1619 2601 1862 2722 embryones

588 2733 694 2802 uero
722 2712 770 2796 in
798 2713 986 2800 omnibus
1006 2711 1222 2829 singularia
1240 2713 1387 2800 semina
1408 2717 1588 2805 evadunt
1612 2779 1621 2797 .
1645 2717 1745 2800 Haec
1769 2740 1863 2827 pro-

585 2817 706 2908 festo
748 2844 843 2908 ante
870 2826 1010 2910 omnia
1037 2824 1322 2912 constituenda
1349 2823 1424 2912 ess‘e
1454 2827 1632 2942 judicavi
1662 2883 1673 2923 ,
1713 2823 1860 2944 quibus

591 2934 716 3018 floris·
738 2930 980 3051 conglobati
992 2937 1103 3020 ratio
1115 2936 1466 3026 circumscribatur
1478 2976 1492 3037 ς
1522 2934 1862 3057 quandoquidem

583 3047 876 3164 oequeflores
912 3047 957 3128 io
987 3045 1210 3159 capitulum
1239 3046 1436 3146 collcffl,
1466 3075 1603 3168 neque
1623 3043 1766 3169 singuli
1786 3075 1870 3137 em-

584 3151 827 3268 ‚bryourbus
855 3155 968 3242 affixi
992 3219 1004 3253 ,
1075 3184 1233 3243 uaenam
1260 3157 1307 3243 fit
1334 3159 1486 3247 horum
1503 3167 1653 3250 florum
1679 3183 1865 3254 natura,

582 3262 691 3348 -satia
714 3262 935 3351 ostendunt
960 3328 971 3361 ,
999 3183 1073 3355 nii
1097 3272 1208 3382 prius
1230 3270 1474 3388 embryones
1494 3271 1670 3392 singulos
1690 3269 1869 3358 totidem

582 3375 742 3462 semina
787 3375 876 3462 fieri
913 3405 965 3462 co
998 3382 1131 3470 uirum
1159 3405 1286 3500 atque
1323 3383 1586 3500 exploratum
1612 3385 1869 3478 habeamus.

588 3490 722 3598 Nunc
750 3491 801 3574 ad
829 3513 941 3603 prop
990 3513 1090 3588 itum
1107 3496 1423 3615 aggrediamur.

584 3701 873 3925 -Llogulati
902 3717 1013 3844 florip
1042 3677 1233 3822 riass‘em,
1261 3751 1352 3842 quo
1379 3720 1543 3822 melius,
1572 3751 1671 3846 quae
1696 3717 1871 3849 dicentia

586 3893 591 3900 .
726 3824 847 3924 suut,
876 3855 1010 3941 accipi
1038 3841 1223 3950 poffint,
1252 3838 1295 3918 in
1323 3859 1461 3950 partes
1488 3836 1626 3934 secui,
1655 3836 1801 3956 easque
1828 3859 1871 3918 in

581 3935 670 4016 has
700 3935 856 4024 areolas
892 3940 1064 4056 digeffi.
1094 3947 1261 4034 Hocio
1277 3945 1364 4034 aliis
1384 3947 1572 4040 omnibui
1604 3950 1799 4036 haerentis
1818 3963 1868 4042 01·

493 4117 499 4126 .
579 4039 728 4130 uenus
759 4073 825 4134 me
861 4045 993 4138 feciss'e
1025 4057 1107 4144 scio
1126 4101 1144 4156 ,ν
1166 4060 1284 4148 vobis
1317 4061 1638 4176 approbantibus
1676 4061 1889 4152 uarum·

579 4177 697 4281 uero
728 4164 1241 4268 partiumdiscriminahaec
1268 4171 1378 4261 sunta
1407 4176 1587 4286 primum
1601 4173 1750 4262 semina
1771 4195 1873 4284 pap-

479 4341 482 4348 .
577 4279 654 4377 ιρις
683 4270 879 4376 instruero
894 4277 1013 4382 nudo
1035 4281 1280 4406 palmaria
1300 4285 1481 4381 thuano
1510 4288 1530 4398 (
1560 4289 1769 4386 thalamum
1795 4305 1873 4401 yoff

624 4431 642 4450 *
692 4443 699 4464 ι
867 4423 887 4472 i.
950 4432 972 4476 'a
1715 4412 1815 4486 Cant
