4130 5424
492 250 517 319 s
574 249 832 363 seeo
858 259 1106 364 niteas
1353 311 1411 388 μ

192 395 273 490 asr'ae'
301 390 449 484 sursuin'
476 387 692 488 tendunt‘3
730 385 1030 507 deinde'quod
1057 389 1254 492 utriculi,
1286 393 1393 484 'etun
1419 397 1480 488 ad

195 515 389 602 extimam
414 502 467 590 us
490 529 541 588 ue
571 499 791 590 cuticulam
820 501 1036 599 ferantur,
1062 502 1091 589 ss
1120 502 1342 626 aliquando
1373 535 1477 594 con-
1513 511 1516 516 ’

201 627 354 744 tingat,
384 639 454 712 ut,
512 645 561 702 ac
590 613 787 714 lacerata,
817 617 975 704 aditum
1001 615 1053 702 ad
1083 621 1374 738 egrediendum
1401 619 1478 706 ha·-

196 739 328 827 beant
350 777 362 832 3
387 753 658 853 nequaquam
676 739 897 844 gessonas,
932 726 1097 820 sed-uel
1121 733 1317 826 radices,
1346 729 1373 816 ss
1402 732 1477 820 sub

204 875 315 936 terra
342 840 471 930 abdin
499 839 611 936 sint,
651 844 717 930 vel
744 868 960 954 tumores,
988 840 1098 956 galas
1120 903 1152 940 ,x-
1170 846 1216 932 dt
1240 841 1378 932 srrrsilia
1405 871 1477 958 pa*

204 965 349 1056 riuut3
389 947 749 1074 noviffime'quod
775 977 947 1073 gemmae
973 956 1185 1068 nunquam
1211 957 1264 1042 de
1293 959 1474 1053 cortice,

204 1075 351 1164 vesum
379 1086 450 1151 aut
478 1066 530 1147 de
561 1062 766 1166 alburno,
802 1091 876 1156 aut
903 1066 955 1152 de
982 1068 1154 1153 materia
1193 1068 1273 1179 ipsa
1309 1070 1476 1156 nascun-

203 1189 295 1280 tur,
325 1204 371 1268 ut
398 1175 643 1264 luculentius
674 1182 716 1264 in
744 1184 831 1277 hoc
858 1177 1053 1268 trunculo
1080 1201 1219 1294 patet.

215 1319 220 1346 =
260 1293 479 1378 Videamus
494 1305 648 1400 porr0,
671 1288 917 1386 Auditores,
949 1312 1048 1380 num
1065 1313 1214 1378 caetera
1232 1316 1330 1408 quae
1350 1314 1479 1404 appas

203 1428 297 1496 rent
325 1406 367 1486 in
389 1399 558 1514 plantis,
586 1402 640 1485 ad
658 1402 768 1492 hanc
787 1406 1034 1516 opinionem
1055 1402 1363 1488 accommodam
1385 1401 1475 1514 pos-

202 1521 280 1609 fint
292 1545 306 1618 3
337 1516 385 1600 &
411 1513 524 1626 prius
540 1514 866 1602 inoculationem
884 1513 965 1600 five
985 1510 1360 1626 emplastrationem
1381 1539 1475 1626 per-

206 1625 464 1746 pendamus.
500 1620 567 1712 Est
595 1644 732 1710 autem
760 1623 1060 1741 emplastratio,
1090 1653 1188 1710 cum
1210 1625 1478 1740 arborgerm

202 1765 288 1832 mas
316 1736 507 1824 felicioris
535 1761 631 1819 ctnn
665 1739 818 1867 exigua
855 1738 1024 1824 corticis
1068 1738 1265 1848 portione
1302 1741 1352 1821 in
1386 1761 1478 1850 par-

201 1880 286 1941 tem
311 1849 367 1936 sus
396 1841 635 1937 delibratam
662 1853 833 1968 recipit,
859 1846 992 1977 quod
1010 1843 1156 1938 clarius
1186 1847 1349 1970 Virgilii
1379 1875 1477 1937 vera

202 1970 264 2058 bis
293 1984 521 2074 exponant:
822 2019 827 2026 -
1093 1983 1099 1994 ·
1349 1993 1353 2002 ·

319 2091 439 2168 Nam,
470 2103 539 2185 qua
557 2077 604 2188 st
632 2081 756 2163 medio
781 2079 945 2162 trudunt
973 2082 1021 2163 de
1052 2081 1190 2160 cortice
1214 2085 1391 2186 gemmei

215 2217 219 2227 ·
320 2203 371 2272 Et
398 2213 528 2275 tenues
557 2217 734 2308 rumpunt
760 2201 923 2285 tunicas,
952 2193 1190 2304 angustatam
1209 2187 1298 2299 ipfit

215 2319 222 2336 '
266 2335 269 2344 ’
316 2307 386 2384 Fit
411 2305 503 2384 nodo
522 2303 649 2412 finus,·
671 2305 742 2386 hur
763 2307 894 2392 ,atiena
922 2317 973 2386 ee
1000 2303 1132 2385 arbore
1154 2323 1316 2412 germen
1373 2331 1377 2338 ·
1456 2331 1461 2340 ·

317 2415 538 2510 recludunt,
567 2419 710 2531 udoque
734 2419 872 2500 docent
898 2415 1100 2526 inolescere
1123 2411 1252 2513 libro,
1354 2415 1359 2455 ²
1389 2485 1475 2514 ,..,

202 2529 368 2616 Humor
396 2525 537 2645 itaque
564 2555 701 2634 verno
721 2549 945 2640 ternpore,
971 2549 1021 2613 ut
1047 2528 1093 2638 in
1120 2520 1311 2644 proxima
1337 2514 1475 2642 differ..

205 2639 367 2724 tatione
404 2637 635 2750 'expositum
671 2637 762 2736 est,
804 2639 877 2722 ad·
894 2633 1136 2726 sibrillarum
1177 2635 1481 2718 exnermtatem

209 2746 395 2844 delatus,-
433 2750 609 2838 eumad
638 2748 867 2864 appositam
894 2773 1098 2864 gemmam
1129 2763 1373 2860 perventum
1400 2741 1479 2840 est,

210 2855 491 3054 sinplibrillas
521 2861 657 2957 subit,
687 2862 988 2980 explicatque,
1027 2862 1073 2950 δε
1098 2861 1143 2943 in
1167 2857 1356 2979 germina
1381 2869 1481 2971 pros

212 2997 277 3059 tru
310 2993 364 3054 rt.
786 2995 789 3002 ·
844 3007 847 3016 ’
900 3003 904 3012 ·
1094 3035 1096 3040 .
1471 3000 1478 3056 a
1580 3041 1582 3046 .

214 3101 223 3190 ζ
266 3081 398 3168 Aliam
424 3081 673 3170 rusticanam
699 3109 877 3198 operam
899 3081 1115 3202 seligemus
1134 3130 1168 3183 ,ι
1188 3075 1376 3172 &rissam
1399 3103 1481 3190 pm
1573 3161 1577 3166 .

213 3197 409 3288 tisfimum
438 3221 522 3314 qua
549 3193 824 3290 rad-humoris
854 3195 1322 3286 eursumostendendmn
1349 3194 1394 3278 in
1419 3217 1485 3280 ea,

212 3311 307 3422 dem
332 3302 605 3396 dillerta'tione
632 3308 716 3398 sum
743 3308 882 3398 usus‘s
905 3316 1074 3398 succus·
1087 3333 1166 3427 per
1193 3307 1411 3392 alburnum
1429 3301 1484 3390 ¹&

212 3419 427 3507 materiam
453 3417 600 3506 sursum
628 3417 789 3526 fertur,
827 3419 973 3507 deinde
1002 3447 1077 3535 per
1102 3419 1308 3507 corticem
1335 3411 1389 3500 ad
1416 3409 1486 3502 do·
1599 3457 1603 3466 ·

212 3525 401 3646 libratam
425 3529 551 3648 usque
579 3557 738 3648 partem
777 3564 821 3620 re
873 3533 1041 3636 editur3
1084 3555 1185 3618 mne
1223 3523 1485 3644 intercipitur

211 3643 399 3758 humoris
426 3665 584 3732 motus:
615 3671 780 3744 verum,
808 3649 892 3732 aio
912 3669 935 3728 a
956 3639 1079 3762 tergo
1104 3641 1299 3730 subeunte
1318 3639 1486 3724 alimen-

194 3769 284 3860 to,
310 3753 372 3842 fie'
387 3754 432 3838 in
459 3751 672 3843 inferiores
699 3758 864 3846 librillaa
896 3760 1093 3871 impetus,
1122 3755 1170 3840 dc
1186 3749 1361 3869 germaiae
1383 3744 1488 3863 pro·

213 3865 442 3986 [truduntur
458 3905 472 3967 ·,
491 3894 604 3984 ¹quas
627 3871 679 3957 dt
704 3895 815 3959 totus
829 3899 832 3904 ·
846 3872 1000 3960 humor
1023 3930 1036 3966 ‚
1075 3868 1135 3954 δέ.
1150 3869 1374 3954 immmcrae
1396 3859 1488 3984 aliae

212 3979 392 4079 fibrillae,
421 3979 605 4080 utriculi,
632 3983 933 4104 traditaque,
961 3981 1171 4094 superiore
1199 4001 1316 4096 parte
1332 3995 1489 4064 conte

212 4089 423 4190 bescente,
451 4093 703 4216 sequuntur..
730 4099 771 4180 Si
799 4101 924 4218 igitur
951 4121 1123 4220 getnmae
1150 4095 1193 4178 in
1221 4084 1403 4186 utriculis
1425 4083 1488 4173 e's·

212 4203 303 4291 sent
328 4206 490 4320 posrtae,
511 4233 614 4303 „curn
639 4221 819 4308 tantum,
848 4232 894 4314 ut
920 4205 1072 4296 videtis
1089 4267 1109 4300 ‚.
1129 4205 1193 4290 lais
1223 4199 1311 4287 insu
1338 4198 1487 4314 humo-

214 4321 270 4406 ris
280 4382 298 4438 ζ
324 4345 400 4449 cpr
429 4343 517 4404 non
543 4320 897 4414 extenderentur?
925 4320 1005 4410 Sed
1034 4315 1123 4410 haec
1153 4316 1206 4406 de
1232 4321 1488 4438 gemmante

265 4451 282 4473 ⁸
317 4469 362 4487 Ν
1334 4451 1434 4544 pro·
1507 4457 1510 4462 ·
