4126 5420
557 221 1102 352 ·SEP··Tl-M‘fs:
1170 271 1180 294 ··
1323 269 1422 360 ι47

195 390 378 579 poaque
407 362 548 454 mimo
571 355 758 468 dehoc,
780 353 900 470 quod
921 351 1033 469 apud
1056 381 1134 481 vos
1150 343 1487 482 profiteor-‚fruc

229 513 294 582 ro,
315 483 365 572 &
382 479 435 568 de
465 502 532 563 me
561 471 649 588 ipso
675 489 824 557 contra
856 463 953 554 istos
990 491 1293 558 conviciatores
1318 475 1487 590 respon

196 601 370 709 dentem
389 589 562 680 audiatis
587 650 595 669 .
623 582 737 672 Dico
769 575 880 668 enim
913 604 1003 692 non
1027 571 1159 670 solum
1191 582 1302 698 apud
1324 575 1487 675 audito,

195 733 286 808 res,
306 701 561 797 humanitate
585 725 634 783 ac
655 689 948 783 benevolentia
971 691 1149 806 maxime
1168 687 1392 825 probatos,
1415 702 1484 790 sed

195 826 319 920 etiam
339 817 451 934 apud
471 813 630 930 judices
651 805 979 924 aequanimitate,
995 805 1234 920 prudentia,
1260 839 1309 897 ac
1335 797 1485 925 justitia

196 934 499 1054 spelitatiffimos
516 991 525 1010 .
545 929 689 1038 Quare
715 919 894 1010 vestrum
924 921 1002 1004 erit
1023 947 1095 1014 ea,
1120 947 1214 1034 quae
1234 945 1382 1010 contra
1403 953 1481 1019 noe

192 1069 408 1166 artemque
437 1033 621 1126 nostram
648 1053 721 1121 aut
741 1026 840 1120 salsis
872 1027 1123 1140 criminibus,
1156 1054 1225 1116 aut
1248 1035 1486 1123 summare.

193 1185 288 1266 turn
315 1153 469 1246 inscitia
498 1144 684 1245 conflata
714 1139 991 1260 superioribus
1019 1137 1161 1227 diebus
1190 1145 1342 1252 jastata
1367 1145 1481 1250 sunt,

195 1273 256 1366 ita
283 1261 575 1388 cognoscere,
614 1281 663 1348 ut
688 1254 892 1356 statuatis,
920 1279 1020 1341 num
1047 1277 1124 1337 nos
1149 1250 1480 1344 malevolentisfi..

194 1412 365 1482 morum
390 1375 610 1470 hominum
639 1369 810 1458 audacia·
834 1365 998 1480 ,semper
1024 1366 1204 1466 vexari,
1246 1394 1299 1454 an
1340 1372 1480 1482 potius

189 1523 270 1616 per
298 1524 407 1594 vos,
436 1487 484 1578 &
510 1485 685 1576 vestram
721 1479 1022 1588 humanitatem
1048 1505 1098 1562 ac
1143 1476 1479 1571 benevolentiam

188 1609 373 1700 recreari
401 1598 626 1692 debeamus
655 1589 884 1715 aliquando
908 1651 918 1675 ,
943 1593 1040 1706 Ego
1067 1609 1202 1676 autem
1231 1618 1360 1709 quam
1391 1619 1478 1680 ma-

187 1723 300 1813 xime
331 1741 483 1836 potero
512 1767 528 1808 ,
554 1705 723 1805 enitar,
754 1728 800 1793 ut
827 1699 1099 1821 paucioribus
1126 1699 1349 1789 calumnias
1378 1705 1482 1792 dilu·

187 1863 291 1938 am,
328 1859 382 1918 ne
409 1825 561 1915 diutius
589 1818 855 1910 immorando
896 1813 1072 1906 istorum
1108 1811 1272 1906 levitati
1299 1815 1481 1936 aliquod

186 1947 357 2066 pondus
384 1943 569 2030 tribuere
596 1933 764 2027 videar,
797 2028 803 2042 .

280 2171 322 2256 T
350 2164 529 2284 primum
556 2153 677 2281 quod
704 2149 766 2249 ad·
786 2147 878 2244 illos
907 2146 1088 2258 attinet,
1118 2135 1121 2144 ¹
1150 2152 1202 2243 ¹ui
1231 2143 1326 2244 rem
1352 2159 1478 2244 Bota-

294 2287 448 2372 ·nicam
475 2303 522 2370 ut
549 2271 737 2362 inutilem
759 2269 983 2387 respuunt,
1014 2266 1057 2352 id
1087 2270 1144 2356 mi
1177 2269 1189 2352 i
1218 2293 1392 2387 quoque
1420 2263 1481 2356 fa.

186 2399 303 2490 cilius
333 2391 652 2512 persuaderem,
681 2407 808 2500 atque
836 2379 1053 2470 crederem
1072 2373 1151 2496 ,sr
1190 2381 1313 2468 ullam
1354 2377 1478 2468 aliam

183 2536 317 2603 artem
344 2529 418 2594 aut
443 2498 724 2616 disciplinam,
753 2519 882 2611 quam
909 2489 1010 2592 illas,
1037 2517 1143 2606 quas
1173 2483 1244 2604 ipsi
1273 2492 1473 2606 profiteri.

182 2647 252 2714 tur
280 2644 408 2739 atque
436 2615 630 2712 tradunt,
657 2605 882 2728 gravissimi
906 2607 1098 2693 auitores
1132 2601 1475 2719 probarentNi.

183 2737 268 2822 deo
295 2731 493 2849 siquidem
519 2752 611 2813 eam
635 2721 918 2836 Philosophia
947 2740 1134 2832 partem,
1164 2741 1259 2836 quae
1287 2709 1331 2801 in
1362 2741 1475 2806 vero

182 2845 369 2961 falsoque
397 2835 647 2955 inquirendo
677 2833 986 2962 probandoque
1015 2831 1215 2929 versatur,
1275 2853 1370 2920 uam
1391 2833 1476 2915 Lo.

185 2963 311 3080 gicen
341 2953 541 3038 dixerunt
568 2942 712 3061 prisca,
741 2945 793 3032 ab
821 2941 911 3060 ipsu
940 2939 1208 3062 negledtam.
1289 2942 1384 3029 ideo
1411 2967 1474 3028 ra.

183 3066 394 3160 tiones&
420 3083 626 3178 precepta
654 3048 851 3164 irrideri,
890 3055 1043 3172 quibus
1070 3055 1124 3141 ad
1152 3052 1385 3142 abditarum
1412 3083 1475 3140 re*

185 3211 279 3276 rum
308 3173 440 3272 causas
480 3170 730 3290 indagandae
772 3161 1043 3256 informamur
1068 3166 1242 3288 ,quod
1270 3167 1474 3264 studium,

186 3325 284 3387 curn
310 3287 626 3411 antiquiffimum
658 3280 740 3386 stt,
767 3281 819 3368 ab
846 3282 929 3395 ipsa
956 3305 1106 3392 natura
1131 3305 1259 3398 quam
1286 3280 1366 3374 hi,
1398 3277 1473 3392 qui

184 3409 285 3498 huic
312 3403 532 3516 disciplinae
573 3397 677 3490 sese
715 3395 1000 3490 addixerunt,
1039 3387 1431 3501 contemplabantur
1459 3443 1473 3484 ,

184 3517 363 3642 Physicis
390 3512 619 3604 cultoribus
656 3506 713 3598 sui
742 3531 899 3596 nomen
927 3501 1125 3594 invenit,
1167 3497 1308 3584 Video
1336 3499 1474 3586 homi.

185 3661 287 3730 num
315 3633 617 3746 brutorumque
643 3629 907 3716 Anatomen,
931 3613 982 3722 ⁴&
1007 3611 1243 3698 solertissimi
1272 3611 1479 3728 cujusque¹

188 3751 380 3844 inventa,
407 3767 605 3859 tanquam
632 3764 763 3832 vana,
794 3727 1030 3822 &inutilia
1061 3727 1113 3814 ab
1142 3724 1263 3812 rebus
1295 3725 1470 3810 Medicis

181 3858 376 3977 sejungi.
403 3857 542 3942 Video
569 3851 901 3971 gravissimorum
939 3850 1202 3956 Scriptorum
1229 3863 1476 3930 monumen,

184 3991 250 4070 ta,
281 3973 432 4093 quibus
461 3970 630 4083 optimis
660 3967 846 4053 moribus
887 3955 1164 4068 &sapienter
1207 3953 1340 4044 vitam
1366 3948 1477 4038 insti-

185 4088 360 4182 tuimus,
394 4081 441 4168 &
468 4110 563 4198 quae
590 4079 712 4167 nobis
742 4082 785 4164 in
814 4065 987 4163 adversis
1018 4062 1245 4180 presidium
1271 4129 1282 4162 ,
1307 4066 1350 4147 in
1380 4088 1480 4174 pro-

185 4200 307 4315 speris
338 4217 635 4285 ornamentum
695 4192 868 4285 ariunt,
897 4181 953 4274 ita
981 4181 1087 4272 male
1115 4181 1254 4301 excipi
1285 4175 1335 4262 ab
1365 4171 1478 4266 istis,

184 4335 231 4403 ut
257 4309 416 4430 nemini
441 4309 620 4440 ¹dubium
658 4329 691 4426 tt
713 4302 865 4424 ,quin
890 4357 902 4403 ,
928 4293 957 4388 sr
986 4319 1059 4496 ppt
1087 4289 1192 4408 ipsos
1221 4285 1366 4382 liceret
1390 4348 1407 4388 ‚‚
1430 4285 1483 4374 de

1091 4439 1116 4493 2
1342 4425 1430 4493 me-
