4126 5420
639 221 668 316 S
700 223 742 318 E
773 225 812 318 Ρ
843 221 938 320 TI
962 227 1037 318 M
1059 223 1126 320 A.
1372 253 1429 329 16

306 347 337 440 Ῑ.
363 345 596 462 Elicbryfitm
606 345 680 456 stu
706 347 881 432 stoechas
902 355 1055 432 Citrina
1076 345 1313 466 angulsrfltlia
1325 365 1408 444 Pin.
1424 269 1532 474 23644'

248 496 252 509 ¹
365 457 415 548 &
442 458 642 546 Tournei.
669 461 752 570 list.
782 459 975 552 RtHerb.
1002 487 1095 570 452.
1118 468 1121 476 '

304 569 536 664 Efferuntur
562 571 608 657 in
634 567 715 658 hac
742 565 865 687 stirpe
896 571 949 658 de
977 570 1136 664 summis
1153 575 1273 665 ramis
1300 576 1451 672 florum
1465 606 1533 674 ca

248 684 379 806 pirula
405 685 449 768 in
476 681 696 772 umbellam
722 683 1041 804 quodammodo
1052 686 1261 804 disposrta,
1291 694 1440 784 conica
1459 725 1531 784 an-

244 823 416 920 tequam
442 796 564 884 flores
592 793 873 910 explicantur,
899 825 1004 884 mox
1030 799 1196 902 teretia,
1224 801 1396 926 squamis
1420 833 1527 898 vcro

245 915 289 998 in
358 909 493 1008 ualia,
524 939 572 996 ac
600 935 731 997 aureo
759 907 906 998 colore
932 909 1185 1026 splendentia
1215 977 1225 1002 .-
1264 927 1300 1002 A
1333 921 1431 1006 ertis
1461 947 1528 1010 cu

242 1028 337 1141 pitu
353 1031 419 1126 is,
460 1045 614 1110 exeunt
640 1023 762 1112 flores
790 1019 1086 1140 monopetali,
1123 941 1330 1116 flosculoll
1384 1037 1527 1149 roprie

239 1139 376 1240 dieti,
407 1163 591 1254 quorum
618 1159 666 1222 os
696 1132 853 1224 luteum
881 1137 926 1220 in
955 1135 1144 1257 quinque
1173 1161 1312 1254 partes
1341 1053 1521 1250 secatur,

240 1250 434 1340 deorsum
462 1249 632 1335 reflexas
661 1249 716 1335 ad
743 1248 968 1336 thalamum
994 1247 1238 1362 parallelas.
1267 1255 1388 1340 Tunc
1417 1277 1526 1382 quo-

237 1387 327 1482 que
353 1361 505 1480 vagina
532 1359 729 1450 staminea
750 1356 1047 1459 manifestatur,
1076 1360 1231 1448 eodem
1256 1363 1407 1450 colore
1434 1363 1523 1454 insi.

237 1476 353 1594 gnis,
381 1499 612 1594 perquam
639 1465 975 1562 filamentumsese
1004 1471 1244 1560 desummo
1272 1471 1424 1566 semine
1450 1503 1523 1567 exa

235 1587 367 1685 tollit,
429 1595 526 1674 uod¹
544 1588 674 1674 statim
703 1615 736 1668 a.
753 1585 906 1700 vagina
935 1579 1147 1670 bifidamm
1173 1586 1315 1675 evadit
1340 1649 1353 1680 ,
1376 1591 1519 1682 Flores

234 1725 370 1832 porro
396 1613 613 1786 seminibus
641 1696 887 1783 incumbunt
915 1691 1132 1822 oblongis,
1160 1725 1254 1816 quae
1280 1701 1521 1798 nutriuntur

232 1839 278 1900 in
306 1807 488 1900 thalamo
520 1807 641 1898 nullis
671 1813 817 1926 pappis
846 1802 994 1908 diersa,
1022 1811 1074 1896 de
1101 1807 1252 1898 surnma
1282 1809 1338 1898 sui
1400 1837 1518 1916 arte,

232 1949 281 2015 ut
310 1948 588 2046 cognatarum
613 1920 799 2040 stirpium
825 1941 974 2010 natura
1000 1921 1081 2021 est,
1110 1947 1297 2040 papptnn
1323 1923 1366 2012 su
1405 1927 1516 2016 ‘neni

233 2057 315 2125 tra.
452 2103 454 2110 -
751 2095 756 2114 κ

240 2173 247 2187 ·
292 2139 570 2237 Calidioribus
597 2139 684 2236 hoc
711 2143 899 2270 gignitur
926 2139 1056 2246 locis,
1084 2134 1279 2266 frequens
1313 2145 1358 2232 in
1386 2141 1516 2238 Gallia

232 2259 517 2358 Narbonensr,
544 2261 589 2344 in
617 2261 832 2379 Hispania:
860 2288 940 2348 nos
964 2259 1211 2381 plerumque
1240 2257 1517 2350 fiffllibusco«

216 2373 347 2461 'limus
377 2372 655 2487 capitulorum
680 2375 838 2504 gratia.

278 2487 456 2573 Medica
484 2509 622 2573 autem
652 2489 803 2579 virtute
831 2475 1095 2574 celebratur.
1130 2479 1319 2575 Floribus
1354 2515 1401 2576 ca
1437 2484 1514 2576 itu-

227 2591 359 2714 lisque
389 2597 522 2712 prima
551 2595 747 2686 nobilitas
771 2631 787 2700 ,⁴
824 2599 1036 2713 aperiendi
1076 2599 1277 2716 squidem
1305 2599 1346 2690 vi
1418 2599 1515 2690 iscu,

229 2711 473 2828 tiendique,
504 2723 599 2796 ¹eunt
609 2711 840 2799 tenuissimis
854 2710 1033 2824 partibus
1055 2735 1386 2826 componantur,
1414 2731 1516 2826 prat-

227 2821 354 2909 dita.
394 2823 540 2910 Urina
577 2823 719 2943 itaque
748 2821 1078 2922 difficultatibus,
1109 2851 1206 2912 cum
1232 2825 1289 2915 ob
1318 2825 1511 2918 viscidam

226 2931 440 3054 lympham
466 2933 509 3017 in
537 2929 828 3022 vesrcalotium
855 2933 1055 3022 subsistere
1081 2941 1270 3056 cogitur,
1296 2964 1513 3026 remoran-

225 3051 335 3136 tibus
363 3044 428 3136 ve‘l
456 3047 641 3159 repreffis
655 3049 887 3132 catamtnirs
899 3047 1002 3162 ‘hoc
1029 3053 1215 3136 remedio
1238 3051 1484 3140 succurritur
1492 3077 1510 3156 3

224 3165 330 3286 quin
358 3186 415 3244 ex
453 3160 557 3248 vino
585 3155 683 3244 albo
722 3183 823 3274 pota
853 3157 1033 3274 capitula
1074 3161 1262 3251 salutaria
1291 3161 1510 3280 perhiben-

225 3301 317 3372 tur,
345 3299 440 3360 cum
466 3267 622 3360 viscera
649 3269 731 3362 sive
759 3272 908 3371 medii,
935 3273 1015 3361 five
1044 3272 1173 3360 intimi
1199 3277 1353 3364 ventris
1378 3273 1510 3359 c'ratlis

222 3386 467 3477 humoribus
495 3379 768 3474 inferciuntur
791 3447 801 3468 0
842 3384 1075 3498 Emplastris
1104 3385 1285 3473 fimilit'er
1326 3385 1419 3472 addi
1448 3382 1511 3468 so·

221 3501 310 3591 lent
336 3499 384 3586 &
413 3495 729 3612 cataplasmatis,
759 3495 909 3627 quibus
931 3498 1137 3614 coeuntia
1168 3497 1209 3579 in
1239 3497 1378 3614 aliqua
1396 3518 1510 3584 exte·

223 3614 344 3706 rioris
374 3613 566 3725 corporis
596 3636 713 3726 parte
740 3619 983 3734 digeruntur
1013 3604 1284 3697 discutiuntur
1316 3639 1395 3698 ue,

279 3721 466 3814 Alterum
495 3727 730 3841 Elichryfim
756 3753 812 3813 ex
834 3717 977 3810 'Aliica
1006 3721 1255 3821 investum,
1357 3745 1507 3844 grav&

223 3839 381 3930 olentia
412 3837 565 3956 insigne
593 3863 775 3928 vocant:
1416 3843 1419 3854 '

276 3961 325 4042 ll.
353 3957 586 4068 elichryſstm
600 3960 842 4076 Africanum,
870 3952 1107 4064 latrfilium,
1126 3953 1336 4063 fetidum,
1365 3957 1509 4068 capitu-

336 4073 373 4153 lo
399 4093 576 4184 argenteo
604 4085 712 4156 Hert¹
739 4071 862 4180 Aust,
892 4065 939 4150 δί
970 4065 1061 4152 uni.
1091 4070 1182 4175 Hist.
1209 4072 1331 4184 Suppl.
1362 4095 1452 4176 170.

215 4234 220 4242 ·
279 4185 328 4268 In
357 4207 446 4301 quo
476 4183 657 4297 capitula
685 4209 833 4298 magna
859 4241 871 4276 ,
899 4175 1249 4291 haemisphaerica,
1278 4177 1419 4294 calyce
1446 4172 1508 4256 in·

217 4293 370 4418 signia,
399 4297 475 4416 qui
503 4297 684 4422 squamis
711 4289 981 4418 inequalibus
1009 4291 1078 4492 qt,
1108 4285 1420 4410 cartilagineis,
1446 4311 1511 4372 ar-

272 4449 280 4468 ·
1106 4432 1131 4486 a
1163 4431 1174 4452 „
1354 4423 1458 4524 gen-
