4130 5424
535 235 1119 332 ‘SECUNDA
1386 277 1460 360 39,

229 365 278 457 δέ
305 391 400 486 quat
443 353 668 446 necell'ario
697 356 860 474 attigi,
902 383 1028 486 quam
1054 361 1297 473 pauciffimis
1325 363 1507 498 comple-

235 479 328 580 ἃί’,
357 477 405 562 &
463 503 522 560 uae
551 465 601 555 'ad
622 463 855 598 plantarmn
877 461 1092 560 historiam
1120 475 1415 600 exponendam
1434 479 1506 567 mr.

233 619 309 680 nus
331 499 546 682 neeeli'am
568 579 824 678 existimavi,
852 581 999 684 tacitus,
1023 605 1263 696 praeterire,
1291 614 1509 705 (ψειηνςς,

233 702 313 792 stra
343 701 422 788 hac
450 701 626 792 sunnna,
656 723 702 780 ac
714 689 903 820 singulari
923 693 1196 821 humanitate,
1226 704 1504 829 patientiaque

234 815 381 904 abuti.
408 817 508 906 Haec
537 830 672 894 autem
711 807 880 921 prrvatis
910 811 1312 912 exercitationibus,
1341 817 1384 903 in
1413 821 1505 937 qui-

233 925 308 1015 bus
340 927 385 1014 &
412 920 669 1012 minutillmra
698 941 876 1036 quaeque
903 917 1045 1006 rimari
1072 918 1247 1022 licebit,
1278 924 1504 1038 plenius&

233 1037 469 1160 diligentius
510 1029 622 1147 perse
658 1057 801 1148 tremor
817 1095 840 1118 ..
882 1035 1041 1118 Interea
1079 1029 1133 1118 de
1159 1033 1315 1124 horum
1339 1049 1501 1129 rarione

231 1145 279 1238 lit
305 1217 317 1253 ,
346 1175 395 1240 ut
421 1147 607 1264 opinor,
626 1057 792 1231 (iillum
819 1141 909 1230 satis
937 1139 1139 1270 sQuibus
1161 1149 1374 1266 cognitis,
1405 1179 1501 1267 pro-

231 1265 351 1356 mima
378 1291 476 1354 cura
505 1255 591 1352 est,
620 1279 667 1344 ut
694 1256 912 1345 ordinem·
948 1283 1004 1342 uo
1033 1253 1191 1369 plantas
1222 1283 1364 1347 omnes
1384 1272 1502 1376 juxte

231 1379 345 1464 floris
374 1376 546 1491 figuram
574 1397 620 1456 ac
645 1389 779 1482 partes
807 1283 982 1486 digeri,
1010 1365 1131 1458 vobis
1160 1397 1404 1487 exponam
1430 1375 1502 1466 hic

229 1483 351 1578 'enirn'
371 1485 498 1574 totius
536 1482 755 1568 Botaoices
787 1474 1100 1566 fundamentum
1130 1481 1230 1582 est,
1272 1513 1364 1576 curn
1392 1483 1430 1571 se
1457 1515 1502 1578 a..

230 1599 375 1688 liunde
401 1598 454 1684 ad
481 1595 630 1682 surnma
656 1591 749 1678 haec
772 1617 836 1678 ars
858 1617 948 1676 non
969 1591 1089 1702 pont
1109 1592 1299 1680 attollere
1322 1635 1333 1682 ε
1358 1626 1410 1685 ne
1446 1628 1499 1691 ue

229 1708 472 1805 immerito,
500 1703 549 1792 &
573 1725 765 1818 receptus
788 1733 811 1790 a
832 1702 1066 1790 doetiffimis
1090 1702 1176 1802 est,
1205 1702 1253 1790 &
1276 1707 1389 1822 apud
1406 1624 1504 1824 plu-r

227 1825 386 1917 rimor,
414 1848 465 1906 ac
495 1814 861 1932 experientiffimos
889 1843 978 1902 non
1004 1811 1136 1904 solum
1159 1816 1310 1918 durat,
1339 1819 1408 1906 sed
1437 1845 1498 1910 et«

227 1935 328 2022 nno
348 1958 429 2048 pro
457 1930 525 2020 sua
552 1925 722 2048 quisque
762 1928 870 2022 virili
899 1992 912 2031 ,
941 1955 1043 2048 ,quo
1071 1923 1232 2016 facilior
1266 1954 1280 2028 ,¹
1321 1929 1495 2047 aptior,

229 2044 483 2162 planiorque
511 2041 659 2130 evadat
696 2104 709 2143 ,
747 2045 959 2134 enituntur
988 2039 1246 2140 elaborant,
1275 2045 1456 2132 efficiunt
1478 2111 1500 2132 .

231 2163 300 2244 De
326 2155 412 2244 hoc
443 2160 585 2279 itaque
613 2181 722 2255 cras,
749 2157 870 2249 vobis
897 2155 1148 2253 faventibus,
1175 2151 1304 2248 verba
1321 2149 1468 2246 faciam
1475 2187 1492 2264 3

231 2269 278 2354 lle
341 2263 660 2358 uemadmodum
688 2269 731 2354 in
758 2271 828 2368 iis,
862 2299 954 2390 quae
1024 2269 1227 2356 lentarum
1257 2273 1494 2358 Anatomen

230 2297 447 2494 spegant,
478 2380 595 2497 plura
622 2383 744 2468 vobis
771 2295 1042 2472 exoninanria
1068 2381 1337 2494 lirbjecintus,
1365 2409 1493 2502 quam

227 2519 282 2579 ex
320 2493 539 2584 aulicorum
576 2497 854 2584 monumentis
895 2495 1215 2614 acceperimus3
1255 2495 1313 2578 ita
1340 2496 1384 2578 in
1410 2492 1492 2580 hac

229 2627 348 2716 parte
387 2635 441 2692 eo
470 2608 660 2694 fidentius
697 2605 892 2702 faciemus
924 2673 941 2709 ,.
973 2637 1063 2728 quo
1092 2607 1144 2696 ad
1172 2601 1403 2720 plmtarum
1426 2603 1493 2690 hi·

228 2713 396 2912 stopiam
431 2719 674 2918 tpadendam
707 2723 1081 2843 suscipiendamque
1107 2722 1281 2839 propios
1308 2717 1403 2812 hec·
1423 2744 1494 2808 ac·

229 2853 278 2912 ce
308 2856 380 2916 ere
406 2858 450 2920 vr
482 2852 641 2920 entur.
