4130 5424
198 361 382 491 pistillum
408 362 609 483 quoniam
639 385 843 452 unacum
875 361 1010 455 frusto
1039 371 1082 454 in
1108 283 1464 492 quibusdaniiiir-

205 483 323 600 pibus
352 473 543 596 pistillum
570 469 714 559 refert.
741 475 848 560 Huic
871 475 978 565 tubae
1002 503 1082 570 tam
1104 486 1223 584 intus,
1248 517 1378 605 quam
1395 521 1465 578 ex·-

204 623 268 682 tra
297 589 459 680 utriculi
487 585 621 700 plures
653 588 978 709 circumquaque
1005 599 1224 724 affiguntur
1257 606 1466 721 ,exigua-

205 734 298 794 rum
326 700 567 818 papillarum
595 697 751 796 instar,
777 701 1030 815 glutinosum
1055 714 1221 806 luccum
1258 738 1468 829 perpetuo·

205 815 396 908 stillantes
422 849 435 921 3
469 809 705 929 adjediiqut
725 815 849 898 ctiam
871 814 1044 902 mirabili
1066 841 1218 907 naturae
1241 826 1473 935 providem·

205 935 263 1020 tia
291 929 407 1018 multi
466 927 617 1012 ilorum
636 923 824 1010 ordines.
851 925 983 1022 Nam,
1013 957 1106 1020 cum
1127 933 1233 1020 tubae
1261 937 1303 1018 in
1333 940 1465 1026 omni-

207 1047 281 1132 bus
311 955 507 1129 furacibus
537 1035 646 1119 intra
674 1036 778 1122 uteri
799 1037 1017 1126 cavitatem
1040 1044 1307 1154 aperiantur,
1336 1045 1468 1161 perfa-

206 1156 286 1246 cile
314 1153 534 1241 tenuissima
562 1144 800 1232 animalcula
830 1151 932 1234 intra
961 1173 1120 1238 uterum
1139 1152 1192 1237 ad
1215 1154 1467 1268 deponenda

206 1294 290 1359 ova
319 1270 618 1376 irrumperent,
647 1255 717 1341 nist
738 1257 889 1348 viscido
912 1261 1099 1358 ilumorc,
1130 1262 1301 1382 pilisque
1321 1271 1464 1383 prohi-

207 1381 405 1470 berentur
442 1439 451 1456 .
490 1367 784 1482 Quodutamcn
821 1371 1047 1489 aliquando
1073 1377 1319 1492 contingere
1348 1381 1462 1469 vide-

206 1513 330 1587 mus,
361 1513 455 1572 cum
474 1545 487 1580 ,
503 1477 695 1592 -reprell'o
722 1481 823 1564 acris
847 1477 1108 1568 inclementia
1126 1483 1358 1600 hujuiinodi
1382 1491 1466 1580 fite.

205 1630 291 1699 co,
319 1599 442 1713 sagax
468 1585 753 1678 animalculum
781 1594 900 1680 viam
917 1593 1074 1679 invenit
1091 1655 1114 1694 „
1135 1595 1182 1682 dc
1201 1596 1278 1684 suae
1302 1597 1469 1692 foeturae

205 1718 250 1800 in
277 1710 501 1824 embryonc
528 1724 703 1788 excavat
729 1701 901 1792 nidum.
929 1705 1060 1792 Natus
1098 1729 1235 1794 autem
1264 1717 1468 1801 vermicu-

204 1823 264 1910 lut
291 1841 429 1908 totum
447 1813 601 1903 seminis
624 1811 995 1933 colliquamentum
1018 1817 1187 1906 absumit
1210 1882 1223 1915 ‚
1251 1825 1356 1951 qui,
1383 1832 1468 1940 jam

202 1955 367 2024 maturo
394 1925 533 2016 fruetu
558 1987 570 2023 ‚
599 1925 648 2010 δέ
676 1949 859 2040 aperto,
890 1926 1164 2040 deprehensus
1193 1933 1243 2019 ab
1266 1939 1466 2048 imperitis

203 2049 326 2157 hujus
354 2049 577 2128 Anatomcs
604 2037 884 2150 spontancus,
914 2061 961 2127 ut
983 2066 1168 2138 vocant,
1196 2038 1319 2132 sottus
1342 2045 1469 2134 babe-

204 2182 293 2246 tur.
319 2159 477 2240 Harum
503 2151 684 2268 partium
709 2175 896 2243 naturam
915 2150 1033 2268 siquis
1059 2155 1174 2240 reue
1194 2157 1468 2270 exploratam·

208 2293 336 2391 atque
365 2265 581 2383 cognitam
610 2259 800 2362 habuerit
829 2328 841 2363 ,
880 2289 1095 2380 nunquam
1121 2263 1192 2353 fibi
1223 2267 1466 2380 persuadere

203 2379 372 2498 poterit,
401 2377 565 2491 apicum
584 2373 823 2490 corpuscula
855 2400 932 2572 per
961 2373 1101 2464 tubam
1123 2377 1175 2463 ad
1203 2399 1368 2470 uterum
1394 2377 1469 2466 de-

203 2492 428 2588 scendtre,
458 2484 631 2607 quando
661 2485 902 2576 animalcua
931 2486 1058 2602 longe
1084 2488 1341 2590 minutiora,
1369 2517 1469 2610 quae

209 2604 390 2722 proprio
417 2607 578 2692 cientur
605 2621 759 2698 motu,
819 2598 1117 2689 rohibeantur.

262 2719 329 2800 De
340 2714 447 2802 tubae
457 2737 588 2828 porro
599 2736 769 2798 munere
789 2627 884 2798 baec
912 2737 989 2797 nos
1043 2740 1086 2798 cr
1097 2715 1381 2829 conjecturam
1408 2736 1468 2802 at.

207 2825 404 2942 tingimus
429 2885 441 2920 ‚
463 2819 590 2952 quod
616 2846 793 2920 tamen,
829 2822 877 2908 dc
905 2823 956 2909 ab
988 2739 1073 2909 abis
1101 2830 1386 2944 excogitatum
1414 2853 1470 2914 ex

207 2960 331 3054 par-te
358 2958 590 3048 accepimus
623 2997 633 3015 .
672 2935 780 3020 Cum
807 2933 860 3019 ad
890 2930 1119 3047 placentam
1147 2942 1251 3028 uteri
1283 2941 1468 3029 tracheas

208 3045 388 3164 produci
415 3045 581 3134 minime
609 3041 847 3143 uideamus,
875 3073 1056 3163 cumque
1089 3053 1189 3138 atris
1219 3055 1281 3140 vis
1312 3052 1364 3140 ad
1395 3053 1470 3142 bu·

209 3185 349 3247 mores
388 3157 601 3253 ciendos,
639 3173 686 3240 ut
713 3153 952 3244 tenuissimas
981 3159 1217 3282 embryonis
1248 3187 1380 3278 partes
1410 3167 1470 3247 in.

208 3271 481 3388 grediantur,
509 3262 804 3382 pernecess'aria
830 3263 906 3367 sit,
935 3269 1104 3370 tubam,
1135 3301 1209 3387 per
1239 3301 1367 3392 quarn
1393 3273 1468 3359 soli

209 3383 369 3496 tepenti
396 3375 487 3467 a'eri'
509 3382 575 3469 via
603 3400 746 3494 patet,
775 3378 861 3467 hoc
889 3401 1049 3469 tantum
1069 3395 1337 3473 commodum
1366 3411 1466 3499 pra·-

209 3495 315 3582 starc
334 3491 605 3580 crediderim.
632 3488 854 3609 Postquam
874 3521 978 3581 uero
999 3491 1236 3584 alimentum
1257 3525 1351 3594 cnm
1373 3521 1468 3609 pro.

211 3599 345 3718 dubiis
373 3601 546 3689 trachcis
566 3601 627 3687 ad
656 3597 885 3716 placentam
912 3609 1043 3720 coepit
1072 3633 1283 3720 pernatare
1316 3669 1328 3707 ‚
1368 3631 1470 3696 cona

208 3716 391 3806 tabescit.
407 3715 506 3802 tuba
524 3775 538 3812 ,
558 3712 854 3832 'clauditurque
881 3711 1070 3801 foramen
1090 3781 1100 3801 .
1422 3747 1425 3756 ·
1466 3748 1469 3757 ·

208 3875 217 3886 ·
266 3827 437 3917 mucosa
466 3826 576 3922 haec,
606 3826 654 3911 dc
681 3824 814 3914 albida
841 3829 1011 3913 materia
1047 3855 1174 3949 quam
1202 3839 1470 3927 Anatomico.

211 3959 304 4036 ium
341 3967 449 4030 voce
479 3943 802 4054 colliquamenrum
829 3941 999 4028 dicimus
1029 4001 1042 4036 ,
1079 3949 1285 4058 reperitur
1312 3951 1355 4036 in
1384 3951 1470 4067 pla-

210 4075 363 4147 centa:
389 4053 484 4142 haec,
507 4051 826 4140 tenuilsunorum
846 4048 1118 4142 utriculorum
1145 4061 1360 4176 congeries
1388 4057 1467 4157 est,

209 4167 285 4287 qui
312 4161 509 4279 placenta
531 4161 735 4252 uniuntur
771 4189 847 4277 per
884 4161 1118 4256 fibrillarum
1137 4164 1344 4256 fasciculos
1364 4163 1469 4256 funi.

203 4271 635 4400 cularumnbilicalem
660 4267 905 4394 referentem
935 4277 1204 4488 utricculisillis
1227 4283 1374 4370 chariin
1394 4306 1470 4370 no-

291 4443 308 4466 -·
1122 4423 1149 4510 3Ι
1317 4420 1415 4490 meu
