4120 5414
659 257 750 340 234
911 209 1528 320 Dissertatio
1603 146 1611 158 ⁴

646 347 807 456 Quinta
826 340 1030 429 maritima
1056 333 1208 421 incolit
1216 367 1229 431 ,·
1264 331 1362 418 ideo
1391 358 1661 448 nuncupant,
1750 381 1786 432 -,

536 521 537 524 κ
646 463 699 544 V.
727 457 926 562 dacobaam
954 459 1188 536 maritimam
1217 446 1265 526 C.
1278 449 1322 528 B.
1341 454 1431 530 Pin.
1453 477 1568 555 πμ,
1598 448 1647 532 &
1677 457 1876 548 Toumef.

707 575 789 680 inst.
819 573 868 655 R.
896 563 1010 648 Herb.
1037 560 1134 670 486.
1162 561 1589 661 Marintm=7rcobaeam
1627 565 1674 661 ῤ’
1711 585 1879 656 Artemi..

695 670 793 798 firm
820 688 1008 764 marinam
1036 685 1355 770 Nertericorum,
1381 675 1468 786 five
1498 684 1739 768 camerariam
1773 683 1879 774 Lob.

700 813 796 880 scon·
826 822 890 874 22¹
909 849 944 878 ,ι
1034 855 1037 862 ·
1738 833 1741 843 ’
1845 870 1857 886 .

647 913 746 997 Hac
776 825 909 1021 porri
938 901 1046 986 inter
1060 901 1251 1005 arrodens
1280 899 1461 987 maxine
1483 897 1666 991 salutaris
1682 907 1876 1000 habetur:

593 1022 658 1112 vis
687 1027 772 1132 ejus
801 1017 854 1102 ad
884 1014 1025 1100 otmiia
1050 1014 1201 1135 quibus
1219 1012 1467 1104 adversatur
1493 1011 1870 1130 uulgarirtrjmobm,

594 1132 662 1218 sed
684 1130 816 1248 ,longe
845 1129 1090 1214 efficacior.
1127 1129 1258 1238 Hujus
1285 1124 1411 1215 succo
1455 1153 1510 1210 ex
1533 1126 1657 1214 melle
1679 1157 1872 1247 reucepto

592 1241 757 1330 sordida
787 1241 925 1330 ulcera
954 1259 1185 1358 purgantur
1206 1265 1226 1343 3·
1251 1267 1304 1327 ex
1332 1263 1577 1359 aquauero
1605 1239 1771 1356 pluuiali
1790 1245 1870 1332 de-

593 1357 718 1444 cod'ea
746 1351 884 1444 νείκεε
910 1377 1141 1472 renumque
1170 1353 1447 1440 incommodis
1475 1351 1699 1452 succurrit,
1729 1357 1775 1446 dr
1795 1361 1876 1474 pri-

593 1467 697 1558 vatis
729 1460 995 1554 foeminarum
1024 1464 1179 1552 morbis
1208 1470 1416 1556 medetur.
1444 1469 1576 1551 Datur
1605 1493 1758 1557 contra
1780 1497 1876 1559 vem

593 1578 732 1669 triculi
763 1577 1094 1667 imbecillitatem¹
1106 1610 1124 1679 ;
1155 1579 1525 1670 inflationesenim
1551 1577 1712 1666 discutit
1731 1644 1744 1677 ‚
1763 1578 1875 1672 salli·

593 1693 664 1778 dia
693 1691 908 1810 abstergit,
946 1693 1278 1779 concussionem
1306 1695 1501 1806 adiuvat.
1527 1689 1777 1778 Sorbitimtis
1808 1693 1877 1782 usu

594 1801 823 1920 dysenteria
853 1800 1020 1890 liberat.
1052 1809 1159 1891 Cum
1188 1835 1293 1894 vcro
1318 1802 1552 1892 discutiendi
1574 1803 1875 1923 aperiendique

594 1937 785 2114 gesturam
811 1914 995 2016 habeat,
1034 1916 1077 2002 in
1106 1917 1310 2008 viscerum
1340 1913 1512 2005 insardtu
1541 1914 1732 2029 aptissima
1771 1943 1876 2030 prata

627 2049 778 2114 icatur.
1281 2061 1285 2068 ·
1798 2105 1802 2112 .

653 2139 795 2228 Inveni
824 2160 919 2224 ante
948 2139 1026 2229 hos
1056 2145 1163 2232 duos
1203 2174 1338 2236 annos
1379 2147 1424 2231 in
1461 2138 1634 2230 collibus
1670 2141 1874 2259 Euganeis

596 2253 798 2354 ‘jacadaam
824 2255 1054 2369 quandam,
1084 2285 1213 2374 quam
1242 2264 1283 2343 in
1310 2263 1393 2347 hac
1419 2256 1512 2345 sede
1542 2255 1789 2341 collocatam
1817 2254 1875 2340 via

596 2360 722 2459 detis,
747 2357 885 2448 ¹forma
916 2369 1089 2484 quidem
1116 2371 1293 2472 insolita,
1323 2401 1371 2457 ac
1400 2370 1590 2484 cognatis
1619 2363 1810 2454 dissimili.
1837 2409 1844 2417 ·

653 2475 812 2564 Radice
842 2478 985 2566 nititur
1014 2477 1207 2608 plurima,
1235 2485 1412 2577 librata,
1440 2478 1607 2571 albida,
1636 2503 1691 2560 ex
1719 2503 1803 2593 qua
1833 2503 1879 2558 e-

595 2588 752 2700 rumpit
779 2585 904 2672 caulis
924 2589 1114 2679 cubitalis
1137 2595 1384 2692 altitudinis,
1413 2591 1592 2682 strutus,
1621 2613 1744 2676 cavus
1763 2650 1770 2668 .
1791 2591 1880 2678 ,Fo-

596 2696 657 2780 liis
687 2723 822 2786 autem
850 2703 1011 2791 constat
1038 2706 1201 2822 petiolo
1231 2711 1402 2803 innixis,
1430 2727 1513 2789 tres
1542 2701 1705 2817 digitos
1725 2694 1875 2814 longis,

597 2807 902 2932 sesquidigitum
930 2814 1040 2917 latis,
1071 2846 1164 2937 quae
1192 2849 1215 2905 a
1244 2819 1389 2934 petioli
1419 2837 1572 2904 exortu
1599 2811 1737 2900 seusun
1760 2811 1878 2934 abu-

596 2949 650 3007 na
673 2923 808 3039 ‘usque
837 2927 887 3011 ad
916 2950 996 3014 tres
1026 2930 1150 3016 lineas
1179 2933 1279 3019 hinc
1310 2935 1404 3020 inde
1435 2935 1546 3018 circa
1586 2925 1715 3040 ipsum
1745 2946 1877 3040 petro-

596 3033 686 3122 lum
714 3037 1038 3149 expanduntur,
1075 3065 1174 3129 tunc
1217 3069 1354 3132 autem
1393 3041 1581 3127 circulari
1614 3039 1878 3126 ,extremitate

598 3145 867 3250 diducuntur,
897 3177 1024 3272 atque
1052 3151 1184 3240 mrsus
1211 3155 1256 3236 in
1290 3177 1465 3240 acumen
1493 3170 1747 3246 tenuantur,
1773 3173 1889 3234 mar»

608 3259 710 3376 gine
739 3260 904 3350 serrata,
935 3275 1040 3372 Quae
1069 3285 1205 3350 autem
1234 3293 1257 3347 a
1282 3262 1423 3352 medio
1452 3259 1569 3347 caule
1594 3256 1705 3344 nasci
1733 3259 1886 3369 incipi-

598 3395 688 3470 unt,
717 3375 950 3493 angustiora
980 3377 1208 3464 admodum
1237 3375 1347 3477 sunt,
1376 3377 1422 3460 &
1450 3377 1645 3487 utrinque
1676 3372 1886 3458 acumina·

595 3507 669 3569 ta.
696 3489 907 3576 Prodeunt
935 3493 979 3574 in
1009 3491 1126 3578 caule
1157 3488 1414 3588 alternatim,
1443 3487 1589 3571 ordine
1617 3512 1730 3570 rara.
1760 3483 1883 3574 Circa

598 3621 734 3710 porro
764 3596 962 3688 summum
990 3601 1231 3689 diffunditur
1259 3604 1384 3690 caulis
1414 3603 1459 3683 in
1487 3624 1628 3686 ramos·
1644 3591 1883 3720 inaequales,

599 3735 781 3822 quorum
808 3709 1023 3802 inferiores
1055 3714 1237 3833 longius.
1255 3717 1573 3828 producuntur,
1595 3709 1769 3796 ,susurrus
1813 3732 1882 3794 au-

601 3841 687 3905 tem
714 3824 962 3924 contrusus,
992 3829 1040 3913 &
1064 3825 1342 3916 brevioribus.
1370 3829 1443 3908 His
1471 3822 1518 3908 fit
1539 3817 1737 3917 umbella,
1766 3823 1879 3926 cujus

603 3952 790 4018 centrum
820 3937 1011 4024 deorsum
1038 3938 1162 4026 instar
1187 3935 1435 4026 infundibuli
1477 3934 1755 4048 deprimitur.
1794 3931 1882 4018 Ra·-

600 4041 719 4129 mulis
760 4047 939 4162 capitula
974 4051 1228 4169 affiguntur,
1275 4053 1416 4173 calyce
1453 4051 1576 4134 tereti
1617 4041 1841 4157 composta
1855 4077 1881 4142 :2

602 4155 854 4280 squamisque
884 4163 1064 4282 aquali.
1106 4173 1380 4254 Conouantur
1407 4166 1503 4250 hacc,
1522 4156 1786 4247 somflosculis
1817 4150 1885 4242 lu-

590 4271 705 4368 teis,
734 4297 917 4386 quorum
938 4277 1193 4404 quisquein
1224 4305 1408 4392 extrema
1430 4274 1589 4392 lingula
1608 4272 1807 4396 indentes
1827 4263 1886 4364 stt·
1931 4353 1933 4358 .

654 4424 658 4434 ¹
722 4403 726 4412 “
768 4428 770 4436 ·
1692 4403 1830 4480 catur,
