4120 5414
646 245 741 346 '236
936 206 1532 334 'DISSERTATIO
1635 331 1642 344 .

583 359 681 442 dinc
718 339 947 461 dispositis,
986 366 1081 457 quae
1117 337 1290 426 resinato
1322 335 1513 454 quodam
1549 337 1676 428 succo
1715 367 1866 440 mutuo

581 495 668 553 con
700 459 954 552 lutinantur,
994 453 1095 540 dum
1124 451 1263 567 planta
1291 447 1459 552 floret3
1497 447 1717 544 tabefactis
1755 491 1860 552 vero

579 488 787 668 floribus,
818 570 864 656 ὅ(
891 569 1036 682 pappis
1066 567 1110 650 in
1139 562 1407 652 transversum
1433 563 1509 650 sese
1539 568 1862 682 explicantibuS,

579 690 792 784 laxantur,
822 679 867 766 δι
894 679 1028 792 disjun
1060 700 1208 766 untur.
1235 679 1307 761 His
1332 679 1603 765 continentur
1623 681 1865 777 semilloscu.

579 800 610 885 li
637 803 916 890 incoronam,
947 793 994 876 δι
1022 704 1184 878 riosculi
1231 789 1489 918 ropriediffi
1518 793 1747 905 indiscum
1777 799 1862 885 col..

579 909 698 1000 leui:
730 903 785 992 illi
814 911 857 991 in
879 898 1076 1021 lingulam
1101 929 1180 1030 pro
1213 905 1322 998 udo,
1352 898 1474 999 lutei,
1503 901 1663 994 luteum
1684 907 1864 998 filamen..

581 1045 690 1120 tum,
721 1017 840 1132 quod
868 1019 911 1099 in
939 1037 1201 1102 extremitate
1231 1012 1418 1102 bifariam
1445 1012 1672 1116 scinditur,
1700 1021 1857 1108 tubula-

581 1155 623 1218 ιι
651 1127 778 1246 petalr'
806 1149 924 1241 parte
952 1129 1044 1213 cxci
1078 1129 1187 1215 iunr:
1219 1126 1261 1212 hi
1291 1127 1343 1212 ad
1369 1121 1675 1216 infundibulum
1701 1131 1853 1244 plicari,

579 1270 625 1326 m
654 1243 844 1358 quinque
874 1259 1008 1352 partes
1038 1155 1227 1325 iixantur
1254 1240 1298 1320 in
1325 1238 1367 1325 su
1400 1265 1511 1322 rema
1540 1268 1637 1338 ora,
1665 1240 1762 1328 lutei
1792 1269 1858 1330 to-

580 1357 642 1452 ti,
672 1353 824 1470 vagina
852 1351 1067 1448 staminea,
1096 1351 1303 1472 bifidaque
1330 1265 1431 1438 tuba
1459 1348 1668 1438 instructi.
1696 1358 1857 1446 Horum

581 1489 720 1553 autern
744 1459 900 1550 florum
926 1461 1169 1584 embryones
1196 1459 1368 1581 gracilia
1405 1462 1555 1548 semina
1593 1466 1776 1554 evadunt
1799 1495 1852 1556 err

581 1579 696 1666 nudo
728 1574 911 1662 thalamo
938 1575 1165 1692 surgentia,
1194 1603 1426 1694 pappoque
1454 1575 1730 1666 coronantur.

637 1695 745 1795 Quae
771 1689 785 1773 i
816 1687 897 1772 itur
925 1687 1032 1772 inter
1061 1687 1191 1786 hanc,
1220 1692 1267 1776 &
1295 1690 1481 1792 fracibus,
1492 1687 1713 1775 intercedit
1738 1690 1853 1779 diffo-

579 1805 736 1886 rentia?
806 1823 894 1883 erte
921 1795 1031 1888 nulla
1058 1867 1066 1886 .
1094 1802 1219 1886 Dicat
1244 1797 1411 1886 fortaffis
1438 1794 1614 1914 aliquis:
1645 1831 1721 1891 cur
1747 1801 1854 1890 nihil

579 1909 828 2000 immutasti?
857 1909 1012 2018 Quod,¹
1035 1909 1281 2011 Auditores‚
1304 1918 1463 2021 Cyanam
1486 1941 1508 1994 a
1529 1917 1747 2010 centaurio,
1771 1927 1849 2000 ‘Pe-

578 2024 722 2134 tasttem
749 2052 772 2107 a
800 2031 994 2107 Senecione
1022 2025 1208 2140 separare
1239 2026 1405 2145 coegit,
1435 2023 1562 2120 idem,
1590 2048 1637 2112 ut
1661 2029 1851 2140 Tuffilagi-

581 2163 715 2222 mma
743 2132 919 2237 τιιιόιίι
944 2133 1120 2226 seorsum
1149 2139 1406 2234 ordinarem,
1427 2129 1584 2233 effecit,
1611 2137 1855 2252 Exemplum

579 2243 731 2334 scilicet
750 2268 992 2334 caetororum
1011 2251 1311 2338 Botanicorum
1331 2249 1508 2345 secutus,
1537 2251 1752 2368 veterique
1776 2277 1852 2336 no-

578 2361 692 2450 mine
711 2382 969 2460 commotus,
997 2361 1061 2448 his
1086 2360 1383 2479 indulgendum
1396 2360 1601 2472 judicavi.
1632 2365 1851 2460 Caeterum,

578 2472 726 2588 nequis
753 2473 963 2583 imperitus
983 2475 1182 2578 {iacobum
1202 2503 1297 2560 cum
1316 2477 1530 2584 Tuffilagine
1550 2470 1732 2566 misceat,
1760 2473 1850 2559 hoc

432 2641 434 2644 -
578 2582 691 2668 dabo
719 2581 896 2701 signum:
925 2615 1140 2703 quacunque
1166 2591 1298 2672 Planta
1315 2587 1413 2698 flore
1441 2588 1609 2680 radiato,
1638 2587 1785 2700 qualem
1806 2595 1850 2668 in

579 2691 753 2797 parabitis
778 2699 968 2798 vidimus,
997 2705 1202 2812 instrum,
1231 2705 1374 2784 caulem
1401 2696 1445 2794 ἀ
1464 2699 1579 2812 flores
1587 2709 1709 2894 rprius
1735 2727 1847 2809 quam

570 2811 674 2926 folia
689 2812 979 2921 explicaverit,
1008 2820 1159 2899 dicatur
1185 2825 1221 2894 T
1220 2819 1359 2926 uffiiago
1381 2875 1389 2894 .
1417 2813 1514 2895 Hoc
1542 2809 1583 2894 di
1601 2811 1755 2898 crimen
1791 2811 1850 2892 in·
1893 2835 1900 2848 ·

579 2943 643 3004 ter
671 2919 759 3007 haec
787 2917 873 3005 duo
900 2951 1056 3039 genera
1085 2925 1290 3053 ponitur,
1329 2946 1474 3012 caetera
1503 2927 1643 3007 omnia
1670 2949 1852 3009 commu-

578 3032 668 3114 nia.
698 3036 798 3114 Haec
827 3031 880 3117 de
900 3063 1126 3152 generem
1147 3035 1375 3124 universum
1394 3033 1503 3118 didea
1522 3033 1630 3128 fine,
1664 3035 1854 3145 adjiciam

576 3167 710 3254 pauca
737 3141 837 3228 huic
867 3150 1074 3262 propria.
1109 3147 1309 3235 Provenit
1334 3140 1619 3227 humilioribus
1648 3143 1751 3227 locis
1780 3142 1854 3234 usu
1941 3179 1946 3186 ·

578 3251 750 3369 Medico
780 3254 946 3376 vulgata
973 3256 1101 3345 herba
1112 3293 1128 3356 ,-
1157 3283 1283 3371 quarn
1311 3254 1515 3366 farfarum
1537 3251 1668 3371 vulgo
1689 3278 1856 3342 nuncu.

578 3387 680 3476 pant
688 3396 701 3469 3
733 3372 848 3476 cujus
876 3373 1054 3462 nominis
1082 3371 1210 3488 origo
1238 3398 1262 3457 a
1290 3364 1428 3480 priscis
1456 3365 1713 3478 temporibus
1736 3364 1854 3451 duci..

482 3479 484 3484 '
580 3497 682 3574 tur,·
722 3475 929 3569 Farfarum
954 3486 1072 3570 enim
1101 3505 1262 3573 veteres
1292 3477 1425 3565 Latini
1468 3470 1679 3591 Populum
1717 3474 1853 3566 albam

576 3588 807 3693 vocabant,
837 3595 937 3684 hinc
965 3596 1108 3684 tritum
1135 3594 1234 3680 illud
1262 3593 1375 3705 apud
1404 3588 1592 3678 Plautum
1611 3590 1657 3673 in
1677 3586 1847 3678 Penulo:

801 3759 900 3782 .......
925 3711 1075 3792 dicamr
1101 3713 1247 3820 viscum
1272 3709 1416 3816 legioni
1441 3705 1557 3800 dedi,

687 3821 929 4014 Fundqipuer
957 3851 1016 3905 eor
1036 3819 1307 3936 prosternebam
1333 3840 1377 3898 ur
1401 3817 1499 3922 folia
1526 3819 1708 3930 Farfhri.

579 3920 794 4038 Siquidem
820 3929 921 4018 abae
945 3937 1076 4059 Populi
1099 3923 1245 4042 folium
1282 3925 1417 4048 figura
1444 3926 1490 4012 δὲ
1517 3931 1664 4016 colore
1704 3931 1848 4032 Tuffilr·

572 4044 678 4147 ginis
704 4031 808 4125 folio
836 4039 894 4130 est
919 4039 1063 4130 slmile.

633 4152 771 4238 Porro
801 4175 948 4243 contra
975 4155 1219 4270 pulmonum
1246 4155 1452 4253 morbos,
1487 4155 1663 4253 maxime
1701 4157 1850 4242 efficax

576 4259 773 4388 luditur:
799 4269 915 4378 Folia
939 4293 995 4357 ex
1021 4295 1133 4390 aqua
1161 4269 1338 4366 decosta
1364 4269 1460 4360 tulii
1468 4267 1709 4390 medentum
1738 4265 1852 4376 idern

995 4432 998 4440 ·
1691 4403 1795 4496 Psae'.
