4144 5412
664 237 751 316 160
885 201 1685 310 AntTHoL'outru.

589 345 765 466 periore
794 327 883 450 pust
932 357 1046 448 sper
1073 326 1283 457 spadicutu
1309 325 1473 418 fibrillas
1504 321 1724 418 dcfttntrl
1761 327 1882 462 Cubi

598 459 707 552 stant
731 455 856 540 flores
884 467 939 534 tra
998 472 1027 544 s„
1036 439 1187 561 petalis
1216 443 1345 531 crassis
1372 437 1423 530 δί
1449 441 1597 546 firmu,
1625 471 1675 530 ac
1703 439 1883 536 stemniu-

595 569 673 660 bus
704 589 884 659 novem,
910 586 1100 674 quorum
1128 557 1206 643 tria
1232 553 1430 676 longiora
1456 549 1580 650 sunt.
1608 555 1762 672 Apicea
1786 579 1883 644 non

591 673 702 770 ferre
729 677 838 766 hanc
868 669 1035 786 stirpem
1062 673 1286 763 affirmant:
1317 695 1401 797 ego
1432 689 1568 758 tamen
1591 670 1781 756 interiori
1802 668 1884 758 stan

590 792 750 885 minum
777 785 924 904 parieti
954 785 1097 870 affixos
1122 781 1251 880 nasci,
1280 802 1327 868 ut
1349 809 1392 868 m
1412 783 1665 899 Chrmaerr‘pbe
1686 780 1881 896 suspicor.
2045 799 2047 846 i

589 901 903 1006 ¹Contabescunt
928 896 972 980 hi
1012 898 1133 982 flores
1170 891 1251 981 stne
1288 891 1375 988 ullo
1413 891 1553 986 frubiu
1574 959 1584 982 .
1602 892 1722 982 amb
1803 918 1878 986 nes

628 1042 732 1099 orro
760 1012 901 1133 calyce
932 1005 1111 1096 involuti
1141 1031 1314 1105 exeunt,
1344 1008 1391 1104 δε
1418 1005 1573 1096 ἰηιᾶιιε
1602 1005 1765 1126 globus
1792 1029 1895 1096 crea⁴

589 1037 742 1212 {endo
770 1122 909 1218 fiunt,
939 1122 982 1204 in
1012 1124 1129 1247 apice
1158 1121 1398 1210 acuminati.
1428 1115 1570 1206 Craiio
1591 1141 1730 1208 autem
1757 1119 1877 1206 invo-

593 1237 717 1324 lucro
744 1235 790 1318 hi
827 1233 982 1321 nunus
1012 1230 1328 1328 circundantur,
1352 1232 1502 1320 deinde
1530 1255 1652 1317 carne
1673 1227 1877 1324 canant,

594 1374 693 1468 quae
725 1344 807 1460 ipsa
835 1371 1012 1463 quoque
1039 1343 1212 1435 exsucca
1237 1343 1402 1442 reddita
1428 1343 1676 1444 induatur.
1712 1345 1769 1456 in
1787 1367 1876 1448 cara,

596 1487 651 1556 ne
681 1456 848 1556 nucleus
875 1451 1065 1556 tovena.
1148 1564 1154 1574 ,
1299 1515 1306 1526 ·
1437 1488 1508 1526 =·-
1653 1517 1721 1528 ..

748 1747 752 1755 ·
861 1813 865 1824 .
966 1747 1275 1890 canus
1336 1749 1493 1842 xxa.

639 2005 745 2104 Nam
770 1998 915 2112 epicum
941 1990 1150 2106 torpustula
1165 1957 1242 2076 'aut
1268 1997 1392 2105 liquor
1420 1991 1471 2078 ad
1497 1957 1729 2084 Palmarutu
1745 1983 1824 2102 fc·

925 2108 1188 2200 cundatiaarnr
1215 2104 1414 2222 neceffariae
1429 2105 1531 2216 stat.

704 2345 788 2430 Uae
806 2343 1004 2432 habtenus
1034 2345 1088 2434 de
1116 2351 1330 2432 palmarum
1358 2345 1598 2432 differentiis
1626 2335 1796 2430 stristiau
1823 2335 1873 2424 δὲ

733 2453 876 2544 cursim
896 2459 1127 2577 attigimus,
1156 2459 1241 2544 hoc
1264 2455 1734 2548 consruoeaatmlimus.
1762 2471 1807 2539 ut
1816 2445 1873 2536 ad

752 2571 979 2656 'palmarum
1019 2595 1207 2658 naturam
1242 2569 1530 2658 declarandam
1566 2563 1871 2656 adhiberem·

595 2683 877 2794 Quapropter
901 2704 1012 2768 nunc
1036 2683 1078 2766 id
1099 2681 1218 2802 quod
1251 2679 1420 2768 instituti
1450 2683 1556 2770 ratio
1578 2671 1778 2796 requirit,
1807 2697 1872 2796 ῐς·

594 2811 810 2904 petentes,
840 2811 942 2878 num
963 2798 1128 2907 apicum
1148 2789 1389 2904 corpuscula
1410 2781 1870 2912 velipsorungemtaha

594 2897 763 3010 effluvia
791 2907 933 2990 Palmis
951 2901 1170 2990 necess'aria
1191 2903 1299 3001 sint,
1330 2923 1378 2992 ut
1406 2903 1487 2992 fine
1517 2907 1670 2990 horum
1691 2923 1776 3012 ope
1797 2921 1869 2980 nc·

592 3038 677 3132 que
704 3010 889 3122 palmulae
912 3035 1049 3133 neque
1070 3042 1195 3102 nuces
1218 3019 1493 3105 maturitatem
1520 3015 1731 3105 habeant,
1758 3033 1871 3124 quae·

593 3118 771 3206 rendum
805 3147 899 3208 ante
933 3129 1073 3212 omnia
1106 3127 1215 3214 inter
1252 3125 1470 3214 neccssaria
1498 3127 1575 3212 ess'e
1605 3125 1865 3237 judicamus.

594 3235 692 3316 Hoc
717 3253 851 3320 autem
871 3238 990 3322 exiis
1013 3267 1107 3354 que
1134 3239 1186 3328 de
1206 3247 1346 3323 salmis
1362 3236 1561 3362 proposui
1582 3297 1594 3332 ,
1623 3261 1751 3354 quam
1771 3257 1872 3346 pau-

594 3343 750 3428 c'iffirnis
777 3345 974 3436 indicabo
997 3415 1006 3435 .
1033 3351 1329 3466 Repetentibus
1359 3371 1501 3470 rtaque
1521 3345 1745 3444 ordinem,
1774 3369 1869 3462 quo

591 3461 808 3540 Palmarum
828 3460 1053 3564 discrimina
1076 3462 1348 3551 distribuimus
1368 3524 1381 3560 ,
1410 3464 1588 3577 primum
1608 3461 1662 3550 de
1684 3455 1761 3548 illu
1779 3461 1867 3542 Pal·

591 3579 664 3652 mis
683 3569 908 3661 videndum
930 3573 1012 3671 est,
1043 3604 1136 3694 quae
1157 3578 1294 3688 apices
1314 3567 1451 3663 ferunt
1472 3577 1605 3665 eidem
1626 3595 1864 3688 receptacu·

591 3675 636 3764 lo
658 3683 835 3780 affixos,
863 3687 931 3771 cui
950 3685 996 3770 u
1023 3687 1195 3805 embryo
1227 3685 1476 3787 innascitur,
1505 3690 1652 3778 deinde
1682 3686 1736 3774 de
1763 3679 1867 3786 alliu

591 3817 769 3907 quarum
790 3797 926 3908 apices
947 3795 1121 3886 seorsum
1146 3829 1170 3883 a
1192 3795 1330 3886 frustu
1352 3801 1565 3912 prodeunt
1575 3803 1617 3886 in
1638 3797 1787 3888 cadem
1806 3816 1867 3880 ta*

588 3929 686 3992 men
705 3905 866 4019 planta,
896 3931 981 3996 tuan
1001 3909 1054 3996 de
1074 3908 1172 4007 illis,
1200 3939 1378 4028 quarum
1398 3913 1485 4000 aliae
1508 3918 1554 3999 in
1575 3915 1865 4025 eodemgeue·

587 4044 636 4100 re
649 4017 821 4103 stamina
842 4019 1058 4138 apicesque
1091 4019 1228 4109 ferunt
1257 4020 1339 4110 stne
1370 4021 1542 4122 fructu,
1572 4020 1659 4106 aliae
1681 4015 1864 4106 frufflun

587 4125 670 4212 fine
691 4129 874 4241 apicibus
896 4131 1234 4252 staminibusque,·
1261 4137 1473 4226 noviffime
1497 4135 1550 4215 de
1570 4128 1644 4212 illis
1670 4157 1763 4248 quae
1775 4121 1860 4214 fru-

588 4237 703 4347 stum
720 4245 899 4370 gignunt
920 4241 1000 4336 sine
1023 4247 1207 4362 apicibus
1230 4311 1242 4348 ,
1269 4247 1382 4343 nulla
1404 4245 1484 4366 alia
1503 4245 1550 4328 in
1569 4239 1721 4363 eodem
1736 4263 1867 4362 genef

646 4410 651 4419 =
1758 4377 1807 4444 1¹0
1849 4403 1851 4408 ·
