4168 5418
373 355 380 365 .
476 223 768 342 ntuetr
817 227 1197 344 rutulos.
1363 267 1412 330 ιι

626 503 935 611 catur
1014 527 1067 614 u

429 788 494 857 De
521 771 651 882 Calyce
681 797 735 853 ex
761 771 1024 884 Touraefortii
1046 768 1257 880 sententia.

300 1019 344 1102 St
376 1013 518 1130 itaque
528 1007 650 1130 calyx
670 1037 761 1124 pars
779 1012 952 1100 floribus
976 1014 1182 1111 attributa,
1205 1042 1334 1136 quam
1349 1035 1486 1105 tamen

324 1127 377 1216 ad
419 1123 602 1216 fruetum
628 1185 641 1220 ,
671 1125 737 1211 cui
764 1123 1057 1238 ,laepentunero
1085 1126 1306 1223 cohaeret,
1344 1130 1484 1242 potius

204 1241 388 1356 speltam
418 1232 701 1326 crediderim.
729 1239 795 1322 De
824 1241 939 1347 cujus
969 1257 1114 1324 natura
1143 1263 1232 1320 non
1260 1267 1308 1324 ea
1337 1237 1489 1352 perspi-

205 1354 359 1440 cuitate
380 1375 508 1468 quam
535 1350 578 1434 in
605 1345 790 1460 plurimis
820 1345 907 1432 aliis
940 1348 1155 1459 prastitit,
1184 1380 1207 1437 e
1240 1346 1304 1437 ille
1324 1350 1487 1438 Aultor

207 1461 482 1548 solertiffimus
510 1457 675 1550 videtur
684 1491 701 1555 ,-
730 1484 817 1544 rem
846 1463 954 1546 enim
977 1461 1168 1548 omnibus
1196 1377 1371 1560 claram,
1399 1461 1488 1548 &a

205 1575 347 1689 primis
368 1573 494 1688 usque
519 1571 801 1682 temporibus,
829 1570 979 1685 quibus
998 1572 1197 1660 Botanice
1219 1576 1405 1670 ducitur,
1425 1601 1489 1659 re-

205 1703 370 1798 ceptam
396 1675 533 1773 multis
564 1677 873 1770 difficultatibus
903 1681 1083 1774 involuit
1110 1745 1123 1783 ,
1151 1689 1383 1805 exquibus
1417 1714 1490 1772 ne-

205 1823 290 1912 que
318 1795 401 1910 ipse
430 1794 468 1882 se
497 1795 694 1910 expedire
725 1795 952 1915 aliquando
980 1799 1140 1912 potuit.
1169 1807 1290 1915 calyx
1312 1810 1329 1904 l
1350 1797 1488 1916 inquit

203 1911 296 2022 lsag.
325 1911 405 2021 Inst.
433 1913 486 1997 R.
512 1907 629 1996 Harl.
656 1939 724 2020 71.
755 1915 772 2018 )
801 1942 884 1996 mea
913 1915 1067 2026 quidem
1087 1913 1284 2024 sententia
1310 1917 1393 1996 dici
1421 1918 1488 1996 de-

204 2025 271 2108 bet
297 2050 386 2137 pars
404 2021 516 2134 floris
539 2025 716 2138 posterior
745 2027 979 2125 craffituda'ne
1033 2030 1170 2108 undam
1196 2021 1360 2110 notabili
1385 2050 1491 2136 ape·

204 2139 332 2221 dr'culo
370 2136 570 2244 distincta.
613 2129 776 2246 Quibus
812 2133 904 2218 sane
931 2055 1067 2224 verlis
1097 2163 1187 2219 non
1215 2133 1395 2251 calycis,
1423 2133 1491 2218 sed

204 2243 361 2334 fruetus
421 2245 531 2331 otius
554 2243 840 2332 definitionem
861 2245 920 2332 est
939 2244 1207 2360 complexus.-
1246 2270 1492 2364 quanquam

204 2383 345 2476 neque
388 2357 528 2444 metus
549 2355 746 2442 dicendus
774 2359 832 2446 est
855 2385 948 2484 pars
968 2362 1085 2444 floris
1105 2358 1311 2474 posterior
1324 2388 1339 2462 3
1370 2360 1493 2474 quip-

206 2499 261 2586 pe
298 2471 344 2554 in
379 2464 587 2558 nonnullis
618 2490 782 2560 tantum
822 2469 1014 2585 stirpibus
1044 2471 1284 2560 extremitas
1323 2467 1392 2554 illa
1422 2469 1491 2557 cui

207 2587 282 2669 flos
310 2578 560 2680 innascitur,
589 2582 633 2665 in
661 2587 912 2680 exteriorem
938 2579 1094 2670 frudlus
1126 2584 1325 2698 parietem
1351 2580 1494 2670 cralle,

209 2697 281 2784 scit
314 2759 323 2778 .
361 2697 564 2781 Praeterea
593 2755 606 2791 ,
635 2721 731 2782 cum
759 2692 953 2785 statuiss'et
985 2759 996 2792 ,
1027 2719 1075 2782 ut
1106 2695 1183 2784 suo·
1205 2694 1305 2788 loco
1333 2693 1494 2784 videbi.

205 2835 331 2905 mus,
360 2804 544 2920 petalum
570 2804 682 2891 nulla
712 2807 873 2892 ratione
901 2804 1143 2893 habendum
1171 2805 1247 2892 ess'e
1273 2835 1353 2920 pro
1377 2827 1494 2919 peta-

206 2921 253 3006 lo
282 2981 295 3016 ‚
322 2916 351 3003 lr
379 2945 460 3032 pro
492 2918 601 3003 rium
626 2916 745 3004 fieret
770 2917 931 3003 seminis
963 2916 1266 3016 involucrum,
1303 2918 1374 3004 hic
1403 2943 1518 3001 non·

212 3029 342 3122 solum
369 2944 550 3142 petalum
577 3025 731 3116 seminis
759 3029 1026 3120 involucrum
1045 3028 1137 3116 fieri
1167 3027 1396 3123 concedit,
1423 3026 1494 3116 sed

210 3149 335 3234 etiam
373 3137 553 3230 fructum
580 3169 595 3244 3
638 3135 822 3254 petalmn
860 3144 969 3230 enim
997 3141 1049 3228 ad
1079 3140 1352 3256 posteriorem
1377 3141 1493 3229 floris

243 3281 374 3346 artem
401 3255 557 3370 speetu
583 3319 593 3340 .
620 3259 661 3339 Si
689 3255 816 3372 igitur
843 3281 938 3370 pars
967 3258 1080 3340 floris
1110 3254 1318 3369 posterior
1346 3253 1405 3338 est
1433 3283 1498 3339 ca.

210 3288 242 3456 l
256 3397 323 3467 x,
380 3369 561 3486 calycem
600 3389 740 3454 autem
766 3367 811 3452 in
847 3365 1165 3484 quamplurimis
1197 3363 1377 3452 fruetum
1403 3392 1499 3454 eva·
1642 3457 1648 3465 ⁴

215 3397 315 3572 lere
341 3478 467 3568 docet
494 3540 506 3576 ‚
550 3481 656 3607 quid
683 3478 846 3578 restat,
873 3479 944 3566 nist
972 3477 1095 3564 etiam
1123 3474 1345 3590 petalum,
1375 3473 1498 3594 quod

216 3592 421 3688 vicarium
448 3591 592 3708 calycts
621 3619 767 3682 munus
793 3591 928 3682 subire
955 3615 1152 3708 negatum
1179 3586 1275 3687 est,
1315 3587 1361 3674 dc
1388 3590 1499 3703 calya

219 3737 312 3798 cem
339 3703 417 3792 elle
444 3771 456 3806 ,
485 3705 530 3792 dt
557 3699 739 3798 fruuum
765 3705 855 3796 lieri
884 3703 1163 3796 concedamus
1193 3719 1214 3791 ,θ
1243 3701 1360 3813 Quid
1390 3727 1495 3792 vero

48 3853 51 3860 ·
218 3822 272 3912 de
300 3815 376 3906 illis
405 3818 576 3908 floribus
603 3819 827 3910 dicendtun
853 3819 933 3917 est,
995 3819 1036 3905 ui
1058 3813 1201 3935 calyce
1229 3817 1408 3932 proprio
1435 3817 1499 3900 in-

214 3934 358 4024 ,structi
399 3933 528 4034 sunt,
568 3960 750 4052 quorum
778 3959 871 4049 pers
910 3845 1082 4022 inllrior
1121 3928 1282 4030 ,five,
1323 3951 1369 4019 ut
1399 3954 1497 4019 cum

221 4043 528 4138 Tournefortio
557 4047 733 4164 loquat,
762 4073 946 4168 quorum
973 4045 1093 4169 calyx
1120 4043 1209 4132 abit
1230 4043 1273 4126 in
1294 4038 1495 4163 flauum,

218 4183 265 4254 ut
303 4185 478 4278 apparet
515 4162 559 4246 in
598 4159 760 4249 Tabula
805 4159 899 4272 Rosa
939 4165 1019 4273 Jnst.
1060 4165 1110 4250 R·
1140 4157 1259 4242 Herb.
1283 4156 1381 4264 408.
1408 4156 1494 4278 th.

224 4277 358 4378 A.C.,
382 4275 431 4368 &
456 4275 540 4398 Fig.
569 4277 640 4388 C„
668 4276 713 4362 in
742 4271 899 4366 Tabula
927 4279 1094 4393 Cydonia
1120 4299 1216 4382 405.
1243 4267 1327 4386 Fig.
1348 4269 1402 4462 l}
1412 4296 1428 4362 2·
1455 4288 1499 4349 m
1571 4336 1603 4366 „

290 4432 292 4440 ,
1054 4437 1059 4444 .
1402 4406 1445 4466 2.
