4168 5418
213 446 461 558 rationem
493 447 642 558 secuti
671 447 876 572 smnus,
923 479 1032 558 non
1063 445 1172 560 ⁵viri
1207 443 1496 560 aulloritate

209 580 436 704 addoni,
467 617 572 689 non
600 583 735 688 inani
767 581 995 705 confilio,
1026 613 1115 690 aut
1139 582 1305 722 aliqua
1335 585 1496 690 laudis

206 715 478 852 cupiditate
499 717 660 854 capti,
691 711 913 956 sedfflra
934 717 1142 826 firmum
1168 746 1312 871 atque
1323 719 1496 852 expio·

206 877 374 954 ratum
402 847 695 970 habuimus,
730 882 765 951 n
883 849 980 956 alla
1002 851 1208 956 certiore
1231 882 1342 971 vra,
1381 879 1495 982 quae

198 978 274 1088 ad
302 981 404 1088 hoc
425 1011 623 1117 tempus
644 981 830 1089 decena
854 981 940 1106 lit,
972 979 1104 1118 polle
1128 980 1193 1087 ad
1208 975 1493 1116 plantarum

206 1141 271 1218 co
341 1113 549 1221 itionem
579 1147 672 1221 nos
703 1113 909 1220 adduci:
939 1113 1066 1246 grati
1088 1113 1248 1218 animi
1266 1112 1493 1231 officium

207 1146 693 1387 titillationum,
724 1245 780 1350 iu
810 1243 865 1345 id
894 1246 1045 1347 omni
1064 1242 1225 1348 studio
1251 1273 1396 1396 atque
1420 1239 1494 1344 di·

205 1374 413 1528 ligentia
441 1378 753 1495 incinuere,
822 1406 889 1477 uo
909 1371 1177 1482 facilior&
1203 1377 1398 1510 planior
1419 1371 1493 1479 di·-

202 1504 408 1640 fcrplina
437 1507 761 1614 redderetur.
850 1535 1112 1742 uaptoptet
1141 1505 1245 1610 duo
1277 1507 1406 1610 mihi
1438 1501 1508 1604 in·

204 1635 309 1740 boc
336 1639 504 1792 libello
533 1636 802 1774 praestanda
831 1670 996 1776 propo
1012 1669 1065 1742 ur
1094 1675 1109 1740 r
1139 1637 1396 1772 primurn,
1437 1663 1493 1738 ut
1720 1691 1724 1698 ·

206 1765 346 1872 floris
378 1799 663 1893 tanmem,
691 1791 939 1906 quantum
969 1803 1081 1874 mea
1108 1765 1255 1876 ferret
1284 1767 1493 1872 infirmi-

207 1927 310 2018 tas,
342 1933 405 2008 ex
438 1903 684 2022 latrarem,
723 1929 779 2009 ut
810 1903 1016 2010 adeam
1035 1902 1262 2038 optimus
1286 1899 1491 2134 <petisque

209 2027 291 2134 sua
322 2032 398 2138 stu
435 2034 445 2056 ‘
510 2031 731 2140 conferre
833 2034 938 2140 llet.
974 2035 1093 2139 Hoc
1116 2063 1281 2138 autem
1325 2033 1493 2136 acilius

207 2193 296 2267 me
329 2165 656 2298 ptaestiturum
688 2166 743 2271 vi
778 2169 962 2284 ebant,
1003 2163 1041 2266 fi
1072 2165 1208 2268 floris
1244 2164 1494 2267 rationem

208 2291 404 2434 linistrir
435 2296 793 2432 opinionibus,
907 2329 948 2400 ae
980 2295 1043 2400 ab
1075 2292 1305 2400 Heroicis
1348 2303 1393 2403 dt
1427 2288 1494 2396 fa·

209 2423 387 2530 bulosrs
419 2429 728 2564 temporibus
758 2428 828 2530 du
944 2423 1239 2558 scriptorum
1262 2421 1491 2531 facilitate

209 2554 399 2662 adnot
430 2589 776 2694 pervenerunt,
811 2559 976 2664 nostra
1013 2591 1070 2664 ue
1098 2587 1239 2666 atate
1262 2554 1493 2662 solertilsr·

203 2717 421 2824 ‚morum
455 2690 686 2797 virorum
717 2690 922 2826 ingenio
954 2688 968 2712 ‘
1009 2691 1288 2813 usttantur,
1321 2691 1491 2794 libera·

209 2845 318 2926 tam
340 2819 651 2928 exhiberem.
680 2825 937 2943 Alterum,
959 2819 1492 2950 utToumclottianam

212 2948 513 3058 methodum
544 2955 723 3060 eodem
753 2983 979 3088 tempore
1022 2984 1116 3087 pro
1148 2986 1261 3060 mea
1306 2949 1495 3056 medio·

211 3081 382 3190 critate
410 3085 734 3206 elaborarem,
756 3116 901 3220 atque
920 3117 985 3190 ex
1052 3081 1494 3318 litem‘lloclflor·

194 3241 275 3320 ¹ro
304 3249 431 3322 num
461 3219 604 3326 'exitu
638 3213 934 3355 personum
1010 3249 1102 3337 m,
1148 3214 1381 3324 nescioz'
1423 3209 1492 3316 ud

207 3373 410 3454 tanmm
441 3345 586 3472 scio,
631 3380 779 3485 atque
809 3381 909 3486 pra
942 3381 1026 3452 me
1056 3345 1189 3469 lero,
1223 3350 1280 3450 in
1309 3346 1365 3451 id
1386 3420 1414 3464 ‚.
1438 3370 1494 3444 ut

215 3477 526 3714 praestffim
553 3515 736 3590 omnes
767 3511 892 3588 meae
923 3480 1266 3587 imbecillitatis
1289 3503 1494 3582 conatus

218 3637 317 3716 con
445 3643 492 3715 e.
