4088 5412
651 255 765 386 '294'
876 252 1599 392 [DISSERTATIO

585 381 845 490 afficiunturi
883 384 1024 497 Quin,
1051 378 1389 472 uifiuettrmarit
1414 402 1512 477 eum
1540 386 1731 506 unguem
1754 392 1888 494 pm

585 509 751 622 forcipe
771 495 1035 604 abscindant,
1063 492 1284 586 oculorum
1303 493 1394 584 usus
1414 495 1618 590 animur
1638 549 1663 587 .·
1675 507 1758 598 Hic
1775 514 1886 606 mor.

589 626 666 716 bus
689 618 742 712 ab
764 633 1047 702 armentorum
1066 608 1301 700 custodibus
1324 610 1528 724 Ungba'ella
1547 610 1722 722 dictur,
1748 653 1773 711 a
1796 631 1883 748 qui,

589 737 667 826 bus
694 731 782 818 hoc
808 726 1157 814 medicamentum
1177 723 1444 837 accepimus,
1470 721 1519 812 du
1546 725 1602 818 ad
1626 728 1816 826 hominis
1844 769 1884 832 u.

582 849 694 944 sum,
722 867 818 932 cum
850 838 967 930 nullo
994 839 1091 930 vitae
1123 831 1359 931 discrimine
1388 839 1612 935 tentandus
1641 841 1759 952 ess‘et,
1785 875 1882 967 pm,

584 960 704 1052 latim
733 953 1051 1048 convertimus.
1166 1039 1169 1046 ,

582 1177 816 1404 Nilne
845 1173 1008 1264 ostensis
1026 1175 1278 1298 generibtu,
1306 1177 1353 1266 dc
1374 1179 1544 1294 peram
1565 1181 1787 1299 specierum
1806 1217 1866 1280 ra.

743 1294 893 1388 tione,
921 1291 975 1376 ad
1001 1319 1114 1389 vot,
1215 1289 1373 1379 tAud.
1394 1332 1415 1392 ,‹
1435 1289 1667 1396 sennonem
1695 1325 1862 1390 convert

585 1431 669 1507 to,
697 1402 849 1526 quibus
874 1397 993 1490 floris
1022 1401 1150 1524 congl
1235 1405 1267 1490 ti
1296 1405 1578 1496 narrationem
1607 1410 1865 1528 ingressusne

586 1521 640 1607 de
668 1546 725 1606 eo
753 1543 820 1604 me
841 1515 1052 1606 didturum
1069 1517 1156 1608 sum
1177 1515 1407 1633 pollicitus,
1437 1542 1485 1608 ut
1503 1521 1783 1642 unusquisque
1804 1553 1868 1615 ue·

586 1631 716 1722 strum
743 1630 878 1718 minua
905 1631 1020 1720 redte
1040 1627 1112 1722 vel
1138 1627 1518 1729 Tourntfortium,
1547 1635 1614 1724 vel
1639 1639 1796 1747 Rajum
1820 1632 1874 1724 fo

586 1739 724 1844 cille,
762 1745 838 1862 qui
874 1739 1110 1856 hujusmodi
1150 1735 1303 1832 florem
1330 1739 1608 1860 compnfitun'a
1633 1751 1876 1838 nominaret

584 1860 670 1943 rint
698 1917 710 1953 ,
740 1852 788 1942 δε
816 1884 840 1940 a
867 1855 1146 1971 monopetalit
1174 1855 1425 1972 sejunxerint
1449 1917 1462 1954 ,
1489 1850 1612 1948 facile
1639 1857 1771 1944 intem·
1800 1887 1876 1948 ete

582 1963 737 2082 posset.
771 1969 899 2064 Haec,
929 1965 957 2053 n
998 1997 1085 2090 ego
1111 1973 1226 2060 exitu
1254 1967 1422 2090 praestin'
1450 2032 1464 2069 ,
1495 1965 1632 2062 nvos
1657 1995 1749 2088 quat
1769 1887 1875 2058 luce

584 2077 763 2167 clariora
791 2077 946 2165 ostensa
974 2079 1099 2180 sunt,
1129 2089 1185 2171 ita
1213 2105 1326 2172 certa
1349 2083 1514 2184 omnia,
1543 2103 1787 2196 comperta,
1815 2103 1875 2168 at·
2008 2177 2009 2202 ,

584 2219 671 2308 que
699 2191 975 2302 comprobata
1003 2199 1180 2298 tenetis,
1212 2218 1259 2285 ut
1316 2223 1548 2314 uocunque
1577 2199 1719 2284 animo
1738 2195 1784 2282 du
1801 2222 1876 2281 co·

429 2357 435 2370 ·
581 2302 788 2502 pitatione
816 2329 893 2393 vos
921 2311 1177 2398 convertatis
1207 2371 1219 2406 ,
1248 2221 1353 2396 nilril
1384 2312 1556 2428 quoda
1740 2331 1876 2422 ,pera

596 2417 798 2532 picuum,
826 2437 959 2505 ratum
985 2445 1074 2503 non
1094 2420 1172 2517 fit,
1201 2440 1434 2516 occurrat,
1461 2424 1535 2538 qui
1586 2445 1773 2532 quaeram
1789 2445 1878 2506 am·

585 2525 694 2644 plius
723 2539 744 2612 r
778 2529 874 2611 Hoc
901 2527 1112 2613 confilium
1137 2551 1275 2613 meum
1301 2525 1381 2614 luit
1406 2559 1424 2624 ;
1459 2553 1513 2614 eo
1541 2543 1757 2623 mentem,
1784 2530 1877 2612 ani.

580 2665 781 2756 mumque
809 2635 966 2724 curuis
992 2638 1148 2728 vitibus
1168 2635 1333 2724 intendi
1361 2668 1376 2734 ,-
1405 2636 1490 2724 hoe
1508 2636 1642 2729 solum
1661 2635 1874 2753 speuavi.

580 2754 656 2837 Sin
684 2777 787 2838 vero
816 2744 962 2869 aliquis
991 2751 1034 2836 in
1061 2751 1143 2841 hac
1175 2747 1582 2838 honorificentilsnna
1609 2773 1771 2838 corona
1799 2751 1875 2838 ads

579 2863 665 2951 huc
691 2855 855 2947 fortass'e
874 2863 1117 2978 reperitur,
1145 2865 1214 2952 cui
1236 2861 1325 2951 haec
1348 2865 1404 2949 ita
1426 2860 1503 2950 ell‘e
1525 2925 1537 2961 ,
1567 2863 1760 2950 nondum
1776 2887 1875 3060 pet

581 2974 748 3064 suadere
778 2977 1028 3087 potuerim,
1068 2978 1100 3061 is
1142 2977 1266 3066 velim
1292 3001 1377 3091 pro
1406 2995 1524 3062 certo
1552 2973 1756 3062 existimet
1815 3001 1874 3062 oe

581 3115 675 3175 mea
712 3085 837 3199 culpa
874 3083 1006 3176 solum
1042 3085 1266 3183 accidisse,
1304 3087 1380 3204 qui
1417 3083 1664 3200 ampliffimae
1688 3088 1875 3174 materia

581 3193 769 3398 plurimis
800 3197 1134 3296 difficultatibus,
1163 3223 1442 3316 errorumque
1469 3195 1648 3283 tenebris
1668 3195 1878 3286 involuta

601 3307 814 3400 aciliorem
852 3315 1011 3400 exitum
1058 3308 1296 3426 expedire,
1342 3331 1391 3396 ut
1429 3306 1589 3423 planius
1619 3307 1876 3409 traderem,
2008 3381 2009 3392 Ν

582 3449 671 3508 non
700 3424 821 3536 potui
843 3489 852 3508 .
885 3431 1141 3546 Quanquam
1166 3419 1390 3510 Auditoret
1413 3478 1426 3517 ,
1453 3443 1543 3506 non
1561 3418 1690 3510 video
1710 3445 1788 3508 cur
1808 3419 1874 3508 isti

586 3563 641 3624 ex
671 3531 805 3622 lorata
832 3534 1069 3648 hujusmodi
1096 3561 1234 3624 rerum
1260 3536 1372 3621 ratio
1401 3555 1491 3618 non
1515 3530 1596 3634 fit,·
1624 3557 1700 3622 cut
1728 3531 1873 3623 adhuc

582 3560 760 3734 duliae
822 3649 997 3738 iratione
1025 3649 1250 3766 pendeat,
1290 3643 1517 3774 postquam
1542 3637 1660 3734 floris
1688 3644 1869 3773 congio·
2008 3683 2009 3726 l

585 3757 671 3848 bati
700 3783 786 3878 qu
828 3763 872 3850 io
902 3763 946 3848 in
974 3783 1042 3850 tot
1066 3757 1287 3883 generibus
1314 3757 1529 3876 speciebus
1551 3787 1604 3850 ue
1631 3760 1694 3890 ita
1710 3777 1870 3873 agitata

579 3869 667 4112 letilti
693 3872 874 4180 ptrorpppsa
895 3899 1126 4078 l{liliorum
1155 3987 1434 4102 patrocinium
1449 3984 1770 4113 demetantur,
1799 3982 1868 4076 sed
2008 4089 2009 4094 Ν

577 4093 666 4181 sans
710 4121 899 4233 uperque
927 4097 1024 4230 ess‘et
1043 4099 1292 4202 ostendere,
1316 4121 1365 4191 ut
1382 4096 1559 4303 purique
1584 4097 1864 4230 intelligeret.

576 4207 796 4340 Numquid
834 4243 879 4302 m
915 4213 943 4300 lt
1005 4215 1119 4306 ulato
1146 4211 1256 4304 flore
1283 4215 1393 4304 haete
1423 4235 1498 4314 tt,
1535 4241 1663 4330 quem
1689 4239 1733 4299 nt
1759 4229 1861 4294 totu

576 4325 797 4438 generibus
835 4327 918 4422 save
947 4242 1089 4420 limen
1128 4357 1223 4420 cum
1247 4329 1397 4446 pappis
1423 4323 1647 4422 luentibus
1672 4327 1863 4528 {intuitu-

986 3899 1081 3964 uam
1099 3872 1331 3992 probatio,
1358 3867 1469 3962 nulla
1588 3895 1749 3970 omno,
1778 3869 1869 3959 nul·
2008 3935 2009 3960 ,
