4088 5412
553 261 1147 389 onoratur.
1320 285 1471 416 ‘277‘

200 409 632 512 inflammationibus.
671 409 826 499 Eadem
863 409 915 498 de
945 413 1059 502 causa
1088 411 1216 499 infimi
1246 423 1399 506 ventris
1424 419 1486 512 vi.

211 535 321 622 scera
352 530 593 620 coeuntibus
637 524 761 612 succis
800 519 1004 611 liberant.
1032 531 1145 622 ,Sunt
1183 529 1255 648 qui
1296 532 1486 622 adversus

214 650 384 735 vulnera
414 643 451 727 se
480 638 700 728 commode
730 634 845 733 usm,
872 636 1052 724 similiter
1082 635 1188 726 foliis
1219 641 1392 728 contufis
1423 665 1484 730 tu-

209 786 346 846 mores
374 753 576 842 discussrlle
604 752 826 836 affirment.
854 753 947 836 Eoo
988 751 1103 847 sane,
1148 781 1244 841 cum
1280 753 1482 866 validi-ora

208 893 352 988 parata
379 867 553 954 habeam
579 863 797 957 remedia,
826 819 985 968 adlros
1014 862 1101 951 usus
1131 865 1325 954 nondum
1354 890 1483 952 tenta-

207 986 250 1072 vi
278 979 382 1106 quial
409 976 625 1095 prestent.
1115 1004 1119 1012 ·

200 1139 203 1150 ·
261 1098 403 1180 Terna
431 1094 551 1175 Bellis
581 1084 813 1176 sublimiora
840 1115 978 1188 tenet,
1006 1115 1101 1210 quae
1120 1091 1173 1177 ad
1203 1091 1480 1184 amicissimum

205 1207 363 1302 virum,
392 1203 438 1289 Se
466 1200 663 1292 summum
690 1202 811 1318 hujus
841 1207 934 1291 artis
957 1227 1248 1291 ornamentum
1269 1203 1484 1302 aussorem

206 1315 379 1406 refertur
408 1313 668 1404 Guilielmum
691 1313 962 1404 Sherardum.
989 1321 1120 1402 Hu'us
1134 1315 1350 1429 descriptio
1369 1315 1483 1432 apud

207 1435 412 1540 Joannem
447 1430 596 1539 Rajum
633 1429 677 1512 in
705 1455 758 1512 eo
786 1418 896 1513 libro
927 1429 1001 1548 qui
1047 1433 1322 1548 upplementam
1350 1457 1481 1520 voca-

205 1563 298 1638 tur,
328 1562 441 1624 extat
470 1545 523 1624 ad
551 1543 660 1626 hanc
688 1537 981 1642 sententiamt.

264 1659 330 1762 ΙΙΙ.
360 1654 481 1734 Bellis
506 1663 649 1745 minor,
678 1655 941 1748 autumnalis,
970 1654 1205 1749 nronanthes,
1235 1658 1482 1750 taalenudo,
1617 1651 1621 1660 ’

314 1775 444 1858 tenui,
495 1767 669 1876 telunga,
689 1764 788 1876 flore
818 1795 869 1846 ex
895 1764 979 1847 alba
1006 1763 1223 1874 rubescente
1248 1793 1338 1850 aar.

207 1923 216 1932 -
259 1790 499 1964 Autumnali
528 1873 765 1988 tempestate
796 1870 926 1958 flores
957 1873 1078 1960 edere
1100 1875 1222 1970 solet,
1253 1875 1305 1960 de
1325 1873 1483 1966 summo

203 2019 251 2078 ac
287 1984 546 2102 longiusculo
586 1983 703 2071 caule
745 1985 915 2071 unicum
943 1981 1061 2072 effert
1088 1982 1316 2097 capitulum
1344 1983 1485 2107 calyce

201 2093 442 2225 pelviformi
472 2097 544 2210 qui
573 2120 627 2181 ex
654 2091 806 2180 foliolis
837 2095 1058 2213 aequalibus
1089 2093 1281 2181 deorsum
1310 2115 1483 2184 externe

203 2206 407 2295 inclinatis
438 2213 508 2292 cr'n
540 2207 646 2304 itur,
675 2205 967 2321 composrtum.
996 2207 1136 2292 Flores
1166 2206 1211 2289 in
1239 2229 1402 2292 corona
1430 2207 1485 2295 se-

508 2233 980 2436 lingulati,longiores,
1008 2313 1486 2516 integrimlbisuperius,

1123 2455 1168 2514 us
1197 2428 1484 2528 innascuntur,

203 2314 489 2415 millosculosr,

201 2429 370 2518 inferius
398 2432 759 2542 purpurascentes.
786 2433 842 2512 Hi
873 2431 1090 2545 ernbryonr‘

202 2565 386 2664 quorum
422 2537 672 2628 lilameutum
714 2533 928 2626 bifidatum
964 2539 1208 2730 luteumtaue
1236 2539 1484 2648 excipiunt.
1554 2568 1559 2576 ·

207 2655 465 2770 Embryones
498 2681 598 2740 vero
628 2649 817 2735 crescunt
838 2651 883 2732 in
911 2647 1061 2735 semina
1090 2646 1146 2733 ob
1164 2673 1312 2842 onffa,
1383 2653 1486 2738 raei-

201 2763 277 2862 lia,
307 2789 400 2878 quae
427 2759 532 2846 villis
563 2757 806 2874 quibusdam
833 2759 1093 2854 vestiuntur,
1136 2788 1190 2844 ne
1248 2674 1487 2852 osculisrum

202 2875 418 2964 seminibus
450 2871 640 2985 (quibus
670 2869 845 2952 omnino
874 2869 1014 2958 similia
1034 2871 1162 2980 sunt)
1224 2873 1384 2958 roxime
1406 2900 1485 2987 po.

204 2987 283 3074 srtis
314 2983 573 3070 adhaereant.
603 2985 761 3066 Carent
788 3001 926 3066 autem
937 2987 1083 3112 puppis
1115 2981 1163 3068 &
1190 2897 1376 3102 llJuamis,
1408 3012 1485 3075 nu-

203 3101 263 3187 do
305 3127 355 3184 ac
399 3093 523 3177 unico
554 3093 735 3178 thalamo
764 3089 995 3184 insrdentra.
1025 3101 1071 3181 In
1098 3092 1251 3182 discum
1279 3094 1483 3215 eolligun-

204 3237 273 3304 tur
298 3207 427 3296 liores
456 3202 624 3302 sonna,
665 3203 713 3290 &
738 3204 953 3321 partibus,
992 3233 1079 3300 tum
1105 3206 1262 3322 „colore
1293 3209 1482 3328 cognatis

202 3321 442 3444 persimiles.

164 3445 166 3450 '
265 3442 394 3523 Nunc
422 3433 644 3547 sequuntur
671 3431 882 3522 hortenses
912 3441 1100 3523 Bellides.

212 3573 216 3584 ·
261 3550 444 3636 Primam
472 3567 628 3634 vocant

212 3671 218 3736 '-
265 3665 337 3748 lV.
366 3665 557 3856 BeBllidem
585 3663 815 3773 hortensem,
830 3664 929 3777 flare
953 3667 1074 3780 pleno,
1100 3691 1210 3778 eaque
1232 3691 1371 3774 magno,
1400 3663 1483 3748 albo

324 3781 373 3862 C.
435 3787 562 3862 uin.
594 3781 685 3862 261.

216 3949 222 3960 -
265 3889 404 3979 Altera
433 3891 635 4008 quoniam
661 3883 820 4003 florum
847 3909 1007 3977 tanttun
1033 3883 1180 3975 colore
1207 3885 1486 4010 dignoscitur,³

205 4003 352 4094 iisdem
379 3995 466 4114 fere
493 3998 629 4092 verbis
659 3999 904 4090 enuntiatur

214 4161 218 4174 ·
259 4118 315 4228 Υ.
342 4118 462 4202 Bellis
488 4117 693 4225 hortenfis,'
711 4117 810 4230 flore
833 4121 964 4231 pleno,
992 4149 1103 4234 eoque
1131 4147 1283 4236 magno,
1312 4125 1484 4206 incarne<

218 4285 222 4292 -
315 4255 374 4313 to.
402 4229 453 4314 C.
480 4232 523 4313 Β.
552 4237 633 4312 Pin.
662 4235 747 4311 261

222 4387 228 4401 ·
258 4343 407 4436 Tertia
435 4343 601 4464 minora
628 4337 806 4460 capitula
822 4341 1044 4544 producit}
1058 4364 1317 4462 quapropter
1342 4340 1484 4542 fiantun
