4168 5418
484 187 775 306 LIBER
822 191 1214 308 PRIMUS.
1362 227 1415 316 31

206 309 351 432 petalis
377 309 549 402 floribus
577 311 747 408 evenit,
786 313 829 400 vi
858 310 1009 434 aliqua.
1031 317 1191 428 adjeda
1232 319 1291 406 ita
1329 321 1485 413 evulsut

207 425 286 526 est,
314 449 361 516 ut
385 421 539 516 frumo
570 448 729 541 partem
757 421 828 512 stbi
856 430 1024 516 affixam
1049 423 1207 516 ferret.
1238 439 1408 548 Qum,
1438 451 1486 524 ut

205 539 368 652 penitus
405 567 494 628 rem
531 538 860 656 cognoscerem,
909 535 1089 628 frustum
1134 543 1268 658 ipsum
1297 549 1486 661 aperui.

205 653 328 741 Tunc
357 673 494 758 autem
524 655 568 739 in
596 651 713 764 ipsius
757 675 902 738 centro
944 657 1137 768 apparuit
1164 657 1376 778 embryo,
1418 663 1487 745 oui

206 758 388 876 abruptae
417 762 526 854 tubae
554 789 648 879 pars
669 758 805 850 adhuc
829 766 1076 852 inhaerebat.
1105 769 1229 854 Circa
1254 792 1487 879 autemem-v

209 869 377 993 bryonia
390 874 513 965 basnn
534 869 733 962 nonnulla
752 872 959 963 filamenta
981 877 1194 965 staminum
1218 882 1362 980 instar,
1391 903 1485 1000 quae

109 1016 117 1028 ·
205 986 249 1070 in
278 989 390 1074 floris
419 985 628 1078 evulsione
658 983 832 1074 lacerata
861 984 971 1074 fuiss‘c
1002 990 1225 1104 opinabar,
1255 995 1487 1081 cernebam

206 1119 300 1198 tut,·
327 1123 445 1204 etant
473 1099 582 1186 enim
611 1093 688 1186 alia
715 1095 787 1182 ion
819 1102 937 1196 iota,
965 1098 1045 1186 alia
1072 1101 1299 1191 breviora.
1329 1109 1425 1189 Hoc
1455 1104 1487 1184 i-

205 1230 343 1337 taque¹
362 1211 606 1324 explorato,
635 1206 759 1296 alium
785 1127 941 1298 dorem·
964 1240 1047 1298 una
1089 1239 1184 1299 curn
1210 1211 1352 1302 fruuu
1393 1227 1489 1330 ape-¹

203 1350 302 1420 rut,
349 1343 448 1408 tunc
478 1319 644 1408 stamina
684 1320 729 1402 in
758 1313 912 1407 studius
953 1325 1177 1410 cavitatem
1216 1323 1312 1412 ferri
1341 1325 1487 1442 depr'ess

205 1431 358 1530 nendi,
384 1432 432 1518 &
456 1431 596 1519 tubam
621 1433 778 1518 summo
801 1431 1020 1552 embryoni
1049 1437 1180 1552 affigi.
1210 1444 1485 1554 Quapropter

208 1541 329 1630 facile
355 1543 552 1630 addudur
576 1544 690 1638 sum,
725 1565 770 1630 ut
797 1542 1014 1632 statuerem
1024 1549 1083 1644 id,
1105 1550 1232 1674 quod·
1247 1550 1385 1638 adhuc
1405 1555 1485 1635 Βο-Ι

206 1654 332 1742 tanici
358 1649 537 1742 fructum
564 1653 640 1742 ess'e
661 1655 895 1754 dixerunt,
935 1684 1028 1742 non
1057 1661 1132 1746 esse
1158 1655 1370 1760 frustum,
1413 1675 1486 1746 ne-'

204 1793 288 1883 que
315 1759 470 1852 frudrus
498 1789 684 1884 partem,
710 1765 779 1854 sed
802 1772 1146 1883 receptaculum,
1176 1775 1341 1862 Frustus
1372 1775 1484 1858 enim

202 1881 246 1972 id
274 1878 353 1979 est,
384 1878 452 1964 cui
483 1879 656 2000 embryo
685 1880 869 1966 adhaeret
896 1941 909 1976 ,
934 1883 985 1966 &
1012 1884 1180 1970 stamina
1207 1886 1250 1966 in
1278 1885 1333 1971 sui
1362 1883 1487 1997 ipsius·
1620 1915 1625 1922 ¹

206 1993 427 2080 cavitatem
455 2017 546 2081 non
573 1992 744 2103 recipit.
772 1997 870 2075 Haec
900 2017 1031 2103 porro
1058 1995 1170 2080 floris
1198 2001 1334 2110 ‘felepa
1361 1996 1490 2090 ratio,·

207 2123 337 2230 quam
364 2099 478 2200 mihi,
507 2101 646 2191 nestio
665 2128 754 2228 quo
785 2103 901 2190 bono
914 2097 1032 2212 sato,
1062 2107 1365 2222 utdetegerem
1386 2119 1490 2189 con-‘

206 2217 327 2332 ugit,
356 2211 383 2296 si
410 2217 454 2296 in
481 2212 569 2300 aliis
598 2215 788 2316 flonbus,
819 2241 927 2328 quos
955 2215 1109 2304 summo
1132 2217 1349 2334 embryoni
1376 2215 1490 2302 nasci

208 2327 256 2424 δι
283 2323 482 2410 inhaetere
511 2325 719 2422 videmus,
748 2326 989 2440 respondet,
1019 2359 1073 2414 ex
1099 2327 1234 2418 mustis
1262 2330 1353 2416 sanc
1382 2328 1485 2414 diffi-

207 2435 422 2530 cultatibus
451 2435 614 2526 liberati
632 2436 786 2527 sumus.
813 2441 909 2521 Hoc
929 2463 1074 2527 autem·
1086 2443 1291 2527 affimtare
1308 2465 1397 2524 non
1417 2466 1488 2526 au·

201 2551 303 2648 deo,·
335 2550 569 2666 quoniam,
599 2546 897 2639 tabescentibus
929 2559 1012 2664 jam
1038 2551 1213 2638 floribus
1246 2550 1488 2656 (transenna

208 2689 249 2750 te
279 2661 391 2751 enim
417 2661 463 2742 in
486 2662 755 2776 Sagittarium
779 2661 897 2753 Sole,
926 2665 1014 2747 haec
1044 2665 1085 2744 in
1107 2668 1241 2778 &alapa
1270 2663 1485 2778 cognovi)

210 2769 382 2888 amplius
410 2773 455 2855 in
481 2769 668 2885 stirpibus
728 2773 941 2859 crscrutari
972 2799 1061 2856 non
1090 2773 1248 2886 potui.
1284 2773 1363 2859 Sed
1404 2781 1488 2883 jam

212 2889 266 2976 ad
297 2883 368 2979 id,
398 2883 517 3002 quod
545 2799 768 2997 propudii,
796 2882 1061 2971 accedamus.
1405 2983 1408 2988 ¹

218 3017 231 3074 r
265 3000 328 3108 Est
356 3007 482 3108 itaque
507 3001 644 3112 ·7alapa
664 3026 784 3107 genus
802 3000 940 3110 plante
949 2995 1111 3109 floribus
1137 2998 1402 3112 manopetalis,
1430 3005 1489 3080 in·

201 3109 589 3232 fundibaliforma'bas
615 3111 862 3220 capientium,
908 3119 975 3222 qai
1002 3113 1231 3224 receptacula
1269 3115 1487 3221 affigaatart

213 3229 482 3340 receptaculum
508 3245 634 3306 aetem
661 3225 824 3336 amplum
852 3221 1081 3332 estmricala'
1110 3224 1224 3330 instar
1243 3219 1487 3333 efformatum,

215 3341 312 3455 quod
340 3339 456 3439 calyce
489 3331 725 3444 extrinficeas
751 3341 949 3444 cingitur:
983 3349 1025 3416 In
1053 3334 1281 3442 receptaculi
1308 3357 1402 3412 vero
1430 3335 1502 3426 ca·¹

214 3461 342 3536 vitata
373 3443 516 3552 embrya
543 3448 742 3526 collocatur
770 3445 871 3540 tuba,
911 3445 958 3540 (y
978 3441 1221 3548 staminibus,
1254 3439 1493 3556 apicibusque

216 3564 431 3674 hadriatium
457 3557 589 3667 crescit
616 3559 755 3642 deinde
765 3568 808 3640 a'n
827 3557 959 3667 semen
979 3553 1191 3670 glabefiem,
1221 3557 1318 3668 quod
1345 3563 1387 3637 in
1414 3552 1492 3670 apfi

216 3709 299 3764 rece
322 3675 445 3758 cacata
473 3677 732 3752 maturitatem
757 3669 896 3754 heder.
974 3737 980 3748 .
1036 3675 1039 3680 ’
1116 3709 1119 3720 =

224 3781 279 3860 4.st
309 3809 367 3874 ac
396 3809 530 3898 porro
555 3779 715 3898 generis
743 3777 874 3866 forma
912 3801 958 3868 ut
986 3777 1128 3866 clarius
1165 3781 1300 3899 accipi
1343 3777 1493 3898 possiti

215 3901 333 3990 unius
348 3902 453 4001 neta
472 3929 498 3979 e
526 3889 843 4006 descriptionem
869 3891 1179 3981 subnectamus.
1454 3933 1459 3941 ·
1484 3889 1492 3998 f

221 4051 235 4071 ν
269 4016 407 4127 ’μίαμ
420 3924 518 4124 Aac
535 4001 869 4122 flavosTournef.
907 4006 986 4116 [ψ.
1014 4009 1066 4093 R.
1096 4004 1215 4090 Hera.
1258 4007 1350 4109 129.¹
1384 4003 1495 4120 'Salas

221 4163 234 4205 ·,
324 4156 417 4210 nam
443 4129 711 4216 asceticarum,
728 4121 825 4234 flere
846 4149 997 4232 magea,
1015 4121 1123 4230 flava
1152 4117 1198 4198 C.
1225 4121 1266 4200 B.
1290 4126 1370 4199 Pin.
1399 4108 1497 4194 r'68:

220 4238 424 4358 ·-Caiyce
447 4231 618 4351 amplo,
645 4231 955 4354 monophyilo‚·
973 4233 1020 4324 ὅ(
1040 4257 1124 4350 per
1145 4255 1275 4321 orant
1284 4219 1499 4454 quilprarpuc)
