<?xml version="1.0" encoding="UTF-8"?>
<!DOCTYPE html PUBLIC "-//W3C//DTD XHTML 1.0 Transitional//EN"
    "http://www.w3.org/TR/xhtml1/DTD/xhtml1-transitional.dtd">
<html xmlns="http://www.w3.org/1999/xhtml" xml:lang="en" lang="en">
 <head>
  <title>
</title>
<meta http-equiv="Content-Type" content="text/html;charset=utf-8" />
  <meta name='ocr-system' content='tesseract 3.04.00' />
  <meta name='ocr-capabilities' content='ocr_page ocr_carea ocr_par ocr_line ocrx_word'/>
</head>
<body>
  <div class='ocr_page' id='page_1' title='image "./juliipontederae00manfgoog_0391.png"; bbox 0 0 4130 5424; ppageno 0'>
   <div class='ocr_carea' id='block_1_1' title="bbox 586 272 1871 972">
    <p class='ocr_par' dir='ltr' id='par_1_1' title="bbox 586 272 1871 972">
     <span class='ocr_line' id='line_1_1' title="bbox 652 272 1585 399; baseline -0.004 -27"><span class='ocrx_word' id='word_1_1' title='bbox 652 272 1585 399; x_wconf 58' lang='lat' dir='ltr'>p*&#39;DJSSERTAT10</span> 
     </span>
     <span class='ocr_line' id='line_1_2' title="bbox 586 392 1871 518; baseline -0.009 -24"><span class='ocrx_word' id='word_1_2' title='bbox 586 407 819 494; x_wconf 85' lang='lat' dir='ltr'>rudimenta</span> <span class='ocrx_word' id='word_1_3' title='bbox 850 399 1090 494; x_wconf 84' lang='lat' dir='ltr'>haerentes,</span> <span class='ocrx_word' id='word_1_4' title='bbox 1117 392 1171 483; x_wconf 82' lang='lat' dir='ltr'>ab</span> <span class='ocrx_word' id='word_1_5' title='bbox 1198 395 1370 507; x_wconf 84' lang='lat' dir='ltr'>incepto</span> <span class='ocrx_word' id='word_1_6' title='bbox 1399 395 1714 494; x_wconf 83' lang='lat' dir='ltr'>deterreantur,</span> <span class='ocrx_word' id='word_1_7' title='bbox 1755 401 1871 518; x_wconf 76' lang='lat' dir='ltr'>quasi</span> 
     </span>
     <span class='ocr_line' id='line_1_3' title="bbox 586 504 1870 631; baseline -0.002 -31"><span class='ocrx_word' id='word_1_8' title='bbox 586 543 711 604; x_wconf 88' lang='lat' dir='ltr'>manu</span> <span class='ocrx_word' id='word_1_9' title='bbox 739 539 814 630; x_wconf 90' lang='lat' dir='ltr'>per</span> <span class='ocrx_word' id='word_1_10' title='bbox 843 507 1015 629; x_wconf 76' lang='lat' dir='ltr'>singulas</span> <span class='ocrx_word' id='word_1_11' title='bbox 1038 506 1173 596; x_wconf 84' lang='lat' dir='ltr'>class&#39;es</span> <span class='ocrx_word' id='word_1_12' title='bbox 1197 533 1271 594; x_wconf 85' lang='lat' dir='ltr'>eos</span> <span class='ocrx_word' id='word_1_13' title='bbox 1291 504 1464 605; x_wconf 86' lang='lat' dir='ltr'>ducam,</span> <span class='ocrx_word' id='word_1_14' title='bbox 1493 507 1792 631; x_wconf 80' lang='lat' dir='ltr'>ostendantque</span> <span class='ocrx_word' id='word_1_15' title='bbox 1812 523 1870 603; x_wconf 57' lang='lat' dir='ltr'>ci⁴</span> 
     </span>
     <span class='ocr_line' id='line_1_4' title="bbox 586 622 1870 740; baseline -0.002 -24"><span class='ocrx_word' id='word_1_16' title='bbox 586 635 666 719; x_wconf 88' lang='lat' dir='ltr'>tius</span> <span class='ocrx_word' id='word_1_17' title='bbox 693 626 774 713; x_wconf 88' lang='lat' dir='ltr'>hac</span> <span class='ocrx_word' id='word_1_18' title='bbox 803 627 998 721; x_wconf 87' lang='lat' dir='ltr'>ratione,</span> <span class='ocrx_word' id='word_1_19' title='bbox 1027 647 1155 740; x_wconf 81' lang='lat' dir='ltr'>quam</span> <span class='ocrx_word' id='word_1_20' title='bbox 1173 641 1219 706; x_wconf 93' lang='lat' dir='ltr'>ut</span> <span class='ocrx_word' id='word_1_21' title='bbox 1238 645 1397 736; x_wconf 85' lang='lat' dir='ltr'>magno</span> <span class='ocrx_word' id='word_1_22' title='bbox 1426 622 1626 736; x_wconf 88' lang='lat' dir='ltr'>temporis</span> <span class='ocrx_word' id='word_1_23' title='bbox 1646 623 1870 716; x_wconf 57' lang='lat' dir='ltr'>deciment</span> 
     </span>
     <span class='ocr_line' id='line_1_5' title="bbox 587 730 1870 938; baseline 0.002 -110"><span class='ocrx_word' id='word_1_24' title='bbox 587 765 637 829; x_wconf 93' lang='lat' dir='ltr'>to</span> <span class='ocrx_word' id='word_1_25' title='bbox 649 737 871 938; x_wconf 70' lang='lat' dir='ltr'>ssconstet,</span> <span class='ocrx_word' id='word_1_26' title='bbox 912 733 1299 854; x_wconf 79' lang='lat' dir='ltr'>cognoscendarum</span> <span class='ocrx_word' id='word_1_27' title='bbox 1335 730 1523 860; x_wconf 84' lang='lat' dir='ltr'>stirpium</span> <span class='ocrx_word' id='word_1_28' title='bbox 1558 733 1672 828; x_wconf 80' lang='lat' dir='ltr'>ufitm</span> <span class='ocrx_word' id='word_1_29' title='bbox 1706 741 1870 860; x_wconf 82' lang='lat' dir='ltr'>percipi</span> 
     </span>
     <span class='ocr_line' id='line_1_6' title="bbox 586 882 726 972; baseline -0.029 -30"><span class='ocrx_word' id='word_1_30' title='bbox 586 882 648 972; x_wconf 93' lang='lat' dir='ltr'>po</span> <span class='ocrx_word' id='word_1_31' title='bbox 679 882 726 943; x_wconf 84' lang='lat' dir='ltr'>e.</span> 
     </span>
    </p>
   </div>
   <div class='ocr_carea' id='block_1_2' title="bbox 536 1068 1896 4542">
    <p class='ocr_par' dir='ltr' id='par_1_2' title="bbox 536 1068 1896 4542">
     <span class='ocr_line' id='line_1_7' title="bbox 702 1068 1891 1178; baseline 0.005 -18"><span class='ocrx_word' id='word_1_32' title='bbox 702 1073 929 1161; x_wconf 84' lang='lat' dir='ltr'>Larissunus</span> <span class='ocrx_word' id='word_1_33' title='bbox 964 1068 1323 1178; x_wconf 83' lang='lat' dir='ltr'>Tournefortius,</span> <span class='ocrx_word' id='word_1_34' title='bbox 1367 1093 1483 1163; x_wconf 80' lang='lat' dir='ltr'>tanta</span> <span class='ocrx_word' id='word_1_35' title='bbox 1514 1101 1653 1163; x_wconf 86' lang='lat' dir='ltr'>rerum</span> <span class='ocrx_word' id='word_1_36' title='bbox 1671 1074 1798 1166; x_wconf 87' lang='lat' dir='ltr'>molle</span> <span class='ocrx_word' id='word_1_37' title='bbox 1823 1079 1891 1166; x_wconf 89' lang='lat' dir='ltr'>in·</span> 
     </span>
     <span class='ocr_line' id='line_1_8' title="bbox 618 1181 1872 1308; baseline 0.004 -35"><span class='ocrx_word' id='word_1_38' title='bbox 618 1205 623 1214; x_wconf 90' lang='grc'><strong>’</strong></span> <span class='ocrx_word' id='word_1_39' title='bbox 720 1186 1028 1300; x_wconf 81' lang='lat' dir='ltr'>¹compendium</span> <span class='ocrx_word' id='word_1_40' title='bbox 1049 1187 1217 1275; x_wconf 72' lang='lat' dir='ltr'>redaeta</span> <span class='ocrx_word' id='word_1_41' title='bbox 1229 1209 1252 1287; x_wconf 88' lang='grc'>,·</span> <span class='ocrx_word' id='word_1_42' title='bbox 1270 1187 1467 1308; x_wconf 86' lang='lat' dir='ltr'>princeps</span> <span class='ocrx_word' id='word_1_43' title='bbox 1487 1181 1805 1300; x_wconf 84' lang='lat' dir='ltr'>plantasomues</span> <span class='ocrx_word' id='word_1_44' title='bbox 1824 1195 1872 1278; x_wconf 89' lang='lat' dir='ltr'>in</span> 
     </span>
     <span class='ocr_line' id='line_1_9' title="bbox 586 1298 1870 1422; baseline 0.001 -28"><span class='ocrx_word' id='word_1_45' title='bbox 586 1299 723 1395; x_wconf 85' lang='lat' dir='ltr'>class&#39;es</span> <span class='ocrx_word' id='word_1_46' title='bbox 746 1298 846 1384; x_wconf 86' lang='lat' dir='ltr'>duas</span> <span class='ocrx_word' id='word_1_47' title='bbox 868 1299 907 1389; x_wconf 84' lang='lat' dir='ltr'>su</span> <span class='ocrx_word' id='word_1_48' title='bbox 940 1329 986 1386; x_wconf 80' lang='lat' dir='ltr'>ra</span> <span class='ocrx_word' id='word_1_49' title='bbox 1006 1300 1154 1420; x_wconf 85' lang='lat' dir='ltr'>viginti</span> <span class='ocrx_word' id='word_1_50' title='bbox 1181 1301 1369 1420; x_wconf 81' lang='lat' dir='ltr'>digeffit,</span> <span class='ocrx_word' id='word_1_51' title='bbox 1397 1327 1574 1422; x_wconf 85' lang='lat' dir='ltr'>quarum</span> <span class='ocrx_word' id='word_1_52' title='bbox 1590 1302 1870 1420; x_wconf 79' lang='lat' dir='ltr'>septendecim</span> 
     </span>
     <span class='ocr_line' id='line_1_10' title="bbox 588 1327 1872 1538; baseline 0.003 -36"><span class='ocrx_word' id='word_1_53' title='bbox 588 1416 760 1510; x_wconf 85' lang='lat' dir='ltr'>herbas,</span> <span class='ocrx_word' id='word_1_54' title='bbox 783 1327 1089 1509; x_wconf 55' lang='lat' dir='ltr'>&amp;sufffuticee</span> <span class='ocrx_word' id='word_1_55' title='bbox 1114 1407 1284 1533; x_wconf 86' lang='lat' dir='ltr'>reliquis</span> <span class='ocrx_word' id='word_1_56' title='bbox 1296 1417 1484 1538; x_wconf 89' lang='lat' dir='ltr'>quinque</span> <span class='ocrx_word' id='word_1_57' title='bbox 1504 1413 1674 1505; x_wconf 87' lang='lat' dir='ltr'>arbores</span> <span class='ocrx_word' id='word_1_58' title='bbox 1693 1415 1872 1508; x_wconf 72' lang='lat' dir='ltr'>frutices-</span> 
     </span>
     <span class='ocr_line' id='line_1_11' title="bbox 589 1523 1874 1652; baseline 0.002 -37"><span class='ocrx_word' id='word_1_59' title='bbox 589 1558 674 1652; x_wconf 91' lang='lat' dir='ltr'>que</span> <span class='ocrx_word' id='word_1_60' title='bbox 696 1523 1039 1640; x_wconf 82' lang='lat' dir='ltr'>comprehendit.</span> <span class='ocrx_word' id='word_1_61' title='bbox 1063 1529 1189 1636; x_wconf 75' lang='lat' dir='ltr'>Juxta</span> <span class='ocrx_word' id='word_1_62' title='bbox 1212 1549 1348 1616; x_wconf 83' lang='lat' dir='ltr'>autem</span> <span class='ocrx_word' id='word_1_63' title='bbox 1367 1523 1804 1650; x_wconf 85' lang='lat' dir='ltr'>petalorurnfiguram,</span> <span class='ocrx_word' id='word_1_64' title='bbox 1821 1559 1874 1618; x_wconf 83' lang='lat' dir='ltr'>ac</span> 
     </span>
     <span class='ocr_line' id='line_1_12' title="bbox 588 1635 1873 1763; baseline 0.002 -37"><span class='ocrx_word' id='word_1_65' title='bbox 588 1665 810 1731; x_wconf 86' lang='lat' dir='ltr'>numerum</span> <span class='ocrx_word' id='word_1_66' title='bbox 833 1636 982 1751; x_wconf 87' lang='lat' dir='ltr'>plantae</span> <span class='ocrx_word' id='word_1_67' title='bbox 1003 1637 1047 1721; x_wconf 91' lang='lat' dir='ltr'>in</span> <span class='ocrx_word' id='word_1_68' title='bbox 1061 1635 1243 1726; x_wconf 84' lang='lat' dir='ltr'>ciaffibus</span> <span class='ocrx_word' id='word_1_69' title='bbox 1257 1637 1496 1726; x_wconf 78' lang='lat' dir='ltr'>collocatae.</span> <span class='ocrx_word' id='word_1_70' title='bbox 1522 1640 1671 1728; x_wconf 81' lang='lat' dir='ltr'>Prunae</span> <span class='ocrx_word' id='word_1_71' title='bbox 1686 1645 1873 1763; x_wconf 74' lang='lat' dir='ltr'>quatuor</span> 
     </span>
     <span class='ocr_line' id='line_1_13' title="bbox 588 1744 1876 1870; baseline 0.004 -33"><span class='ocrx_word' id='word_1_72' title='bbox 588 1752 750 1870; x_wconf 88' lang='lat' dir='ltr'>plantas</span> <span class='ocrx_word' id='word_1_73' title='bbox 769 1744 947 1838; x_wconf 80' lang='lat' dir='ltr'>floribus</span> <span class='ocrx_word' id='word_1_74' title='bbox 970 1773 1134 1837; x_wconf 87' lang='lat' dir='ltr'>ornatas</span> <span class='ocrx_word' id='word_1_75' title='bbox 1155 1753 1283 1840; x_wconf 91' lang='lat' dir='ltr'>unico</span> <span class='ocrx_word' id='word_1_76' title='bbox 1328 1745 1444 1839; x_wconf 86' lang='lat' dir='ltr'>etaio</span> <span class='ocrx_word' id='word_1_77' title='bbox 1461 1747 1876 1842; x_wconf 77' lang='lat' dir='ltr'>constantibuacom·</span> 
     </span>
     <span class='ocr_line' id='line_1_14' title="bbox 589 1777 1878 1982; baseline -0.005 -33"><span class='ocrx_word' id='word_1_78' title='bbox 589 1861 829 1982; x_wconf 72' lang='lat' dir='ltr'>pledtuntur</span> <span class='ocrx_word' id='word_1_79' title='bbox 852 1891 865 1950; x_wconf 76' lang='grc' dir='ltr'><strong><em>ι</em></strong></span> <span class='ocrx_word' id='word_1_80' title='bbox 893 1863 1098 1976; x_wconf 80' lang='lat' dir='ltr'>proximae</span> <span class='ocrx_word' id='word_1_81' title='bbox 1119 1863 1268 1951; x_wconf 87' lang='lat' dir='ltr'>decern</span> <span class='ocrx_word' id='word_1_82' title='bbox 1287 1777 1406 1960; x_wconf 57' lang='lat' dir='ltr'>iffias,</span> <span class='ocrx_word' id='word_1_83' title='bbox 1433 1888 1610 1978; x_wconf 85' lang='lat' dir='ltr'>quarum</span> <span class='ocrx_word' id='word_1_84' title='bbox 1629 1859 1764 1951; x_wconf 80' lang='lat' dir='ltr'>flores</span> <span class='ocrx_word' id='word_1_85' title='bbox 1783 1867 1878 1981; x_wconf 67' lang='lat' dir='ltr'>plu..</span> 
     </span>
     <span class='ocr_line' id='line_1_15' title="bbox 588 1971 1875 2170; baseline -0.002 -106"><span class='ocrx_word' id='word_1_86' title='bbox 588 1975 702 2064; x_wconf 85' lang='lat' dir='ltr'>ribus</span> <span class='ocrx_word' id='word_1_87' title='bbox 728 1989 1042 2104; x_wconf 86' lang='lat' dir='ltr'>componuntur</span> <span class='ocrx_word' id='word_1_88' title='bbox 1064 1975 1243 2090; x_wconf 83' lang='lat' dir='ltr'>petalis:</span> <span class='ocrx_word' id='word_1_89' title='bbox 1282 2003 1337 2061; x_wconf 85' lang='lat' dir='ltr'>ex</span> <span class='ocrx_word' id='word_1_90' title='bbox 1355 1971 1488 2062; x_wconf 78' lang='lat' dir='ltr'>trihus</span> <span class='ocrx_word' id='word_1_91' title='bbox 1513 2001 1608 2170; x_wconf 61' lang='lat' dir='ltr'>pue</span> <span class='ocrx_word' id='word_1_92' title='bbox 1637 1976 1875 2092; x_wconf 65' lang='lat' dir='ltr'>supersunt,</span> 
     </span>
     <span class='ocr_line' id='line_1_16' title="bbox 588 2082 1877 2206; baseline -0.002 -28"><span class='ocrx_word' id='word_1_93' title='bbox 588 2115 718 2178; x_wconf 88' lang='lat' dir='ltr'>unarn</span> <span class='ocrx_word' id='word_1_94' title='bbox 744 2087 931 2176; x_wconf 88' lang='lat' dir='ltr'>attrrbuit</span> <span class='ocrx_word' id='word_1_95' title='bbox 949 2082 1080 2174; x_wconf 82' lang='lat' dir='ltr'>flores</span> <span class='ocrx_word' id='word_1_96' title='bbox 1102 2083 1368 2206; x_wconf 85' lang='lat' dir='ltr'>gignentibus</span> <span class='ocrx_word' id='word_1_97' title='bbox 1379 2091 1511 2202; x_wconf 87' lang='lat' dir='ltr'>itnper</span> <span class='ocrx_word' id='word_1_98' title='bbox 1528 2087 1672 2186; x_wconf 75' lang='lat' dir='ltr'>estos,</span> <span class='ocrx_word' id='word_1_99' title='bbox 1698 2089 1778 2180; x_wconf 83' lang='lat' dir='ltr'>five</span> <span class='ocrx_word' id='word_1_100' title='bbox 1802 2091 1877 2194; x_wconf 88' lang='lat' dir='ltr'>(ut</span> 
     </span>
     <span class='ocr_line' id='line_1_17' title="bbox 587 2195 1875 2318; baseline -0.005 -28"><span class='ocrx_word' id='word_1_101' title='bbox 587 2209 744 2312; x_wconf 82' lang='lat' dir='ltr'>vocat)</span> <span class='ocrx_word' id='word_1_102' title='bbox 773 2199 973 2316; x_wconf 82' lang='lat' dir='ltr'>apetalos,</span> <span class='ocrx_word' id='word_1_103' title='bbox 993 2199 1042 2285; x_wconf 76' lang='grc' dir='ltr'>δι</span> <span class='ocrx_word' id='word_1_104' title='bbox 1061 2196 1280 2288; x_wconf 84' lang='lat' dir='ltr'>stamineos</span> <span class='ocrx_word' id='word_1_105' title='bbox 1290 2235 1309 2300; x_wconf 81' lang='lat'>,-</span> <span class='ocrx_word' id='word_1_106' title='bbox 1336 2195 1620 2298; x_wconf 82' lang='lat' dir='ltr'>alteramillis,</span> <span class='ocrx_word' id='word_1_107' title='bbox 1645 2209 1741 2318; x_wconf 83' lang='lat' dir='ltr'>q&#39;uae</span> <span class='ocrx_word' id='word_1_108' title='bbox 1759 2196 1875 2288; x_wconf 79' lang='lat' dir='ltr'>fiori-</span> 
     </span>
     <span class='ocr_line' id='line_1_18' title="bbox 588 2306 1877 2417; baseline 0.002 -17"><span class='ocrx_word' id='word_1_109' title='bbox 588 2312 665 2400; x_wconf 88' lang='lat' dir='ltr'>bus</span> <span class='ocrx_word' id='word_1_110' title='bbox 686 2343 829 2400; x_wconf 86' lang='lat' dir='ltr'>carere</span> <span class='ocrx_word' id='word_1_111' title='bbox 853 2311 1073 2408; x_wconf 87' lang='lat' dir='ltr'>dicuntur,</span> <span class='ocrx_word' id='word_1_112' title='bbox 1098 2313 1148 2398; x_wconf 87' lang='lat'>&amp;</span> <span class='ocrx_word' id='word_1_113' title='bbox 1164 2311 1314 2398; x_wconf 88' lang='lat' dir='ltr'>semina</span> <span class='ocrx_word' id='word_1_114' title='bbox 1337 2335 1501 2401; x_wconf 82' lang='lat' dir='ltr'>tantum</span> <span class='ocrx_word' id='word_1_115' title='bbox 1519 2306 1684 2417; x_wconf 78' lang='lat' dir='ltr'>ferunt3</span> <span class='ocrx_word' id='word_1_116' title='bbox 1711 2312 1877 2403; x_wconf 80' lang='lat' dir='ltr'>tertiam</span> 
     </span>
     <span class='ocr_line' id='line_1_19' title="bbox 590 2421 1875 2544; baseline -0.002 -35"><span class='ocrx_word' id='word_1_117' title='bbox 590 2425 774 2542; x_wconf 90' lang='lat' dir='ltr'>denique</span> <span class='ocrx_word' id='word_1_118' title='bbox 795 2425 983 2522; x_wconf 86' lang='lat' dir='ltr'>flore‚&amp;</span> <span class='ocrx_word' id='word_1_119' title='bbox 1005 2421 1154 2509; x_wconf 86' lang='lat' dir='ltr'>semine</span> <span class='ocrx_word' id='word_1_120' title='bbox 1174 2423 1398 2524; x_wconf 82' lang='lat' dir='ltr'>destitutis,</span> <span class='ocrx_word' id='word_1_121' title='bbox 1425 2451 1529 2544; x_wconf 84' lang='lat' dir='ltr'>quas</span> <span class='ocrx_word' id='word_1_122' title='bbox 1540 2449 1619 2508; x_wconf 80' lang='lat' dir='ltr'>noe</span> <span class='ocrx_word' id='word_1_123' title='bbox 1636 2435 1805 2510; x_wconf 76' lang='lat' dir='ltr'>incertas·</span> <span class='ocrx_word' id='word_1_124' title='bbox 1814 2427 1875 2511; x_wconf 91' lang='lat' dir='ltr'>di.</span> 
     </span>
     <span class='ocr_line' id='line_1_20' title="bbox 590 2529 1876 2648; baseline 0 -26"><span class='ocrx_word' id='word_1_125' title='bbox 590 2537 749 2622; x_wconf 85' lang='lat' dir='ltr'>ximus.</span> <span class='ocrx_word' id='word_1_126' title='bbox 776 2533 957 2624; x_wconf 85' lang='lat' dir='ltr'>Arbores</span> <span class='ocrx_word' id='word_1_127' title='bbox 974 2534 1189 2648; x_wconf 87' lang='lat' dir='ltr'>porro,&amp;</span> <span class='ocrx_word' id='word_1_128' title='bbox 1208 2529 1377 2624; x_wconf 82' lang='lat' dir='ltr'>frutices</span> <span class='ocrx_word' id='word_1_129' title='bbox 1401 2538 1553 2624; x_wconf 86' lang='lat' dir='ltr'>eodem</span> <span class='ocrx_word' id='word_1_130' title='bbox 1570 2533 1774 2624; x_wconf 88' lang='lat' dir='ltr'>distribuit</span> <span class='ocrx_word' id='word_1_131' title='bbox 1803 2565 1876 2622; x_wconf 79' lang='lat' dir='ltr'>or-</span> 
     </span>
     <span class='ocr_line' id='line_1_21' title="bbox 590 2644 1881 2755; baseline 0.003 -23"><span class='ocrx_word' id='word_1_132' title='bbox 590 2647 685 2733; x_wconf 86' lang='lat' dir='ltr'>dine</span> <span class='ocrx_word' id='word_1_133' title='bbox 707 2687 719 2732; x_wconf 79' lang='lat'>:</span> <span class='ocrx_word' id='word_1_134' title='bbox 755 2648 822 2738; x_wconf 88' lang='lat' dir='ltr'>sed</span> <span class='ocrx_word' id='word_1_135' title='bbox 843 2677 939 2740; x_wconf 87' lang='lat' dir='ltr'>cunr</span> <span class='ocrx_word' id='word_1_136' title='bbox 967 2644 1102 2733; x_wconf 86' lang='lat' dir='ltr'>multo</span> <span class='ocrx_word' id='word_1_137' title='bbox 1122 2649 1341 2755; x_wconf 76' lang='lat' dir='ltr'>pauciores</span> <span class='ocrx_word' id='word_1_138' title='bbox 1362 2647 1579 2738; x_wconf 83' lang='lat' dir='ltr'>nascantur</span> <span class='ocrx_word' id='word_1_139' title='bbox 1601 2647 1799 2746; x_wconf 82' lang='lat' dir='ltr'>arbores,</span> <span class='ocrx_word' id='word_1_140' title='bbox 1829 2648 1881 2736; x_wconf 70' lang='grc' dir='ltr'>δε</span> 
     </span>
     <span class='ocr_line' id='line_1_22' title="bbox 589 2754 1877 2880; baseline -0.002 -36"><span class='ocrx_word' id='word_1_141' title='bbox 589 2754 776 2860; x_wconf 85' lang='lat' dir='ltr'>frutices,</span> <span class='ocrx_word' id='word_1_142' title='bbox 805 2756 1090 2878; x_wconf 83' lang='lat' dir='ltr'>quamherbae,</span> <span class='ocrx_word' id='word_1_143' title='bbox 1115 2757 1166 2841; x_wconf 88' lang='lat'>&amp;</span> <span class='ocrx_word' id='word_1_144' title='bbox 1188 2754 1409 2848; x_wconf 80' lang='lat' dir='ltr'>suffiutices</span> <span class='ocrx_word' id='word_1_145' title='bbox 1440 2756 1601 2880; x_wconf 89' lang='lat' dir='ltr'>(quod</span> <span class='ocrx_word' id='word_1_146' title='bbox 1619 2759 1712 2846; x_wconf 83' lang='lat' dir='ltr'>sane</span> <span class='ocrx_word' id='word_1_147' title='bbox 1733 2757 1877 2876; x_wconf 85' lang='lat' dir='ltr'>provi·</span> 
     </span>
     <span class='ocr_line' id='line_1_23' title="bbox 590 2867 1879 2973; baseline -0.002 -16"><span class='ocrx_word' id='word_1_148' title='bbox 590 2871 651 2957; x_wconf 95' lang='lat' dir='ltr'>do</span> <span class='ocrx_word' id='word_1_149' title='bbox 669 2895 826 2962; x_wconf 85' lang='lat' dir='ltr'>naturae</span> <span class='ocrx_word' id='word_1_150' title='bbox 853 2869 1027 2961; x_wconf 87' lang='lat' dir='ltr'>consrlr&#39;o</span> <span class='ocrx_word' id='word_1_151' title='bbox 1056 2867 1211 2958; x_wconf 72' lang='lat' dir='ltr'>fastum</span> <span class='ocrx_word' id='word_1_152' title='bbox 1233 2868 1293 2958; x_wconf 86' lang='lat' dir='ltr'>est</span> <span class='ocrx_word' id='word_1_153' title='bbox 1310 2907 1329 2973; x_wconf 75' lang='lat'>5</span> <span class='ocrx_word' id='word_1_154' title='bbox 1355 2902 1481 2970; x_wconf 83' lang='lat' dir='ltr'>nam,</span> <span class='ocrx_word' id='word_1_155' title='bbox 1506 2870 1735 2960; x_wconf 83' lang='lat' dir='ltr'>fitotidem</span> <span class='ocrx_word' id='word_1_156' title='bbox 1756 2867 1879 2958; x_wconf 81' lang='lat' dir='ltr'>ess&#39;ent</span> 
     </span>
     <span class='ocr_line' id='line_1_24' title="bbox 591 2978 1879 3101; baseline 0.001 -34"><span class='ocrx_word' id='word_1_157' title='bbox 591 2983 762 3068; x_wconf 85' lang='lat' dir='ltr'>arbores</span> <span class='ocrx_word' id='word_1_158' title='bbox 786 2982 1066 3101; x_wconf 79' lang='lat' dir='ltr'>fruticesque,</span> <span class='ocrx_word' id='word_1_159' title='bbox 1095 3001 1205 3098; x_wconf 86' lang='lat' dir='ltr'>quot</span> <span class='ocrx_word' id='word_1_160' title='bbox 1223 2978 1364 3072; x_wconf 83' lang='lat' dir='ltr'>herbae</span> <span class='ocrx_word' id='word_1_161' title='bbox 1390 3018 1440 3088; x_wconf 80' lang='lat' dir='ltr'>ac</span> <span class='ocrx_word' id='word_1_162' title='bbox 1460 2979 1717 3082; x_wconf 84' lang='lat' dir='ltr'>suffrutices‚</span> <span class='ocrx_word' id='word_1_163' title='bbox 1745 2983 1879 3070; x_wconf 83' lang='lat' dir='ltr'>omnis</span> 
     </span>
     <span class='ocr_line' id='line_1_25' title="bbox 536 3092 1881 3208; baseline 0.001 -32"><span class='ocrx_word' id='word_1_164' title='bbox 536 3141 537 3146; x_wconf 19' lang='grc' dir='ltr'><strong><em>κ</em></strong></span> <span class='ocrx_word' id='word_1_165' title='bbox 592 3112 715 3179; x_wconf 82' lang='lat' dir='ltr'>terrae</span> <span class='ocrx_word' id='word_1_166' title='bbox 738 3092 969 3208; x_wconf 83' lang='lat' dir='ltr'>superficies</span> <span class='ocrx_word' id='word_1_167' title='bbox 980 3115 1286 3207; x_wconf 81' lang='lat' dir='ltr'>occuparetur,</span> <span class='ocrx_word' id='word_1_168' title='bbox 1311 3095 1356 3180; x_wconf 92' lang='lat' dir='ltr'>in</span> <span class='ocrx_word' id='word_1_169' title='bbox 1371 3094 1881 3184; x_wconf 78' lang='lat' dir='ltr'>densrffunamexcrescenr</span> 
     </span>
     <span class='ocr_line' id='line_1_26' title="bbox 593 3199 1882 3329; baseline 0.009 -45"><span class='ocrx_word' id='word_1_170' title='bbox 593 3199 773 3319; x_wconf 84' lang='lat' dir='ltr'>sylvam)</span> <span class='ocrx_word' id='word_1_171' title='bbox 805 3205 1021 3318; x_wconf 86' lang='lat' dir='ltr'>pauciores</span> <span class='ocrx_word' id='word_1_172' title='bbox 1046 3229 1135 3322; x_wconf 88' lang='lat' dir='ltr'>quo</span> <span class='ocrx_word' id='word_1_173' title='bbox 1171 3233 1222 3294; x_wconf 88' lang='lat' dir='ltr'>ue</span> <span class='ocrx_word' id='word_1_174' title='bbox 1244 3203 1380 3296; x_wconf 72' lang='lat' dir='ltr'>claues</span> <span class='ocrx_word' id='word_1_175' title='bbox 1390 3209 1455 3297; x_wconf 85' lang='lat' dir='ltr'>his</span> <span class='ocrx_word' id='word_1_176' title='bbox 1469 3211 1693 3329; x_wconf 72' lang='lat' dir='ltr'>resignate,</span> <span class='ocrx_word' id='word_1_177' title='bbox 1719 3205 1882 3296; x_wconf 86' lang='lat' dir='ltr'>hocest</span> 
     </span>
     <span class='ocr_line' id='line_1_27' title="bbox 592 3230 1878 3438; baseline 0.003 -38"><span class='ocrx_word' id='word_1_178' title='bbox 592 3324 752 3404; x_wconf 78' lang='lat' dir='ltr'>tanturn</span> <span class='ocrx_word' id='word_1_179' title='bbox 774 3321 962 3438; x_wconf 89' lang='lat' dir='ltr'>quinque</span> <span class='ocrx_word' id='word_1_180' title='bbox 984 3357 996 3402; x_wconf 72' lang='grc' dir='ltr'><strong><em>ε</em></strong></span> <span class='ocrx_word' id='word_1_181' title='bbox 1033 3344 1121 3404; x_wconf 88' lang='lat' dir='ltr'>uno</span> <span class='ocrx_word' id='word_1_182' title='bbox 1139 3230 1252 3408; x_wconf 49' lang='lat' dir='ltr'>Zure</span> <span class='ocrx_word' id='word_1_183' title='bbox 1276 3351 1297 3406; x_wconf 93' lang='lat' dir='ltr'>a</span> <span class='ocrx_word' id='word_1_184' title='bbox 1330 3323 1469 3420; x_wconf 82' lang='lat' dir='ltr'>etaio,</span> <span class='ocrx_word' id='word_1_185' title='bbox 1487 3321 1569 3411; x_wconf 86' lang='lat' dir='ltr'>srve</span> <span class='ocrx_word' id='word_1_186' title='bbox 1590 3319 1791 3406; x_wconf 84' lang='lat' dir='ltr'>stamineo</span> <span class='ocrx_word' id='word_1_187' title='bbox 1817 3320 1878 3404; x_wconf 88' lang='lat' dir='ltr'>in·</span> 
     </span>
     <span class='ocr_line' id='line_1_28' title="bbox 591 3345 1878 3546; baseline 0.002 -33"><span class='ocrx_word' id='word_1_188' title='bbox 591 3423 751 3517; x_wconf 68' lang='lat' dir='ltr'>struitis</span> <span class='ocrx_word' id='word_1_189' title='bbox 763 3467 780 3530; x_wconf 85' lang='lat'>,·</span> <span class='ocrx_word' id='word_1_190' title='bbox 808 3431 933 3518; x_wconf 81' lang='lat' dir='ltr'>altera</span> <span class='ocrx_word' id='word_1_191' title='bbox 959 3453 1143 3534; x_wconf 83' lang='lat' dir='ltr'>amenta,</span> <span class='ocrx_word' id='word_1_192' title='bbox 1164 3431 1244 3522; x_wconf 85' lang='lat' dir='ltr'>five</span> <span class='ocrx_word' id='word_1_193' title='bbox 1262 3345 1370 3546; x_wconf 57' lang='lat' dir='ltr'>quor</span> <span class='ocrx_word' id='word_1_194' title='bbox 1388 3431 1640 3540; x_wconf 73' lang='lat' dir='ltr'>ferentibu53</span> <span class='ocrx_word' id='word_1_195' title='bbox 1667 3433 1800 3521; x_wconf 82' lang='lat' dir='ltr'>tertia¹</span> <span class='ocrx_word' id='word_1_196' title='bbox 1825 3430 1878 3516; x_wconf 86' lang='lat' dir='ltr'>iis</span> 
     </span>
     <span class='ocr_line' id='line_1_29' title="bbox 593 3539 1881 3664; baseline -0.002 -36"><span class='ocrx_word' id='word_1_197' title='bbox 593 3551 688 3656; x_wconf 86' lang='lat' dir='ltr'>quae</span> <span class='ocrx_word' id='word_1_198' title='bbox 706 3541 1021 3659; x_wconf 85' lang='lat' dir='ltr'>rnonopetaiunr</span> <span class='ocrx_word' id='word_1_199' title='bbox 1039 3539 1191 3654; x_wconf 84' lang='lat' dir='ltr'>florem</span> <span class='ocrx_word' id='word_1_200' title='bbox 1211 3545 1457 3658; x_wconf 85' lang='lat' dir='ltr'>producunt</span> <span class='ocrx_word' id='word_1_201' title='bbox 1463 3586 1481 3650; x_wconf 85' lang='lat'>,·</span> <span class='ocrx_word' id='word_1_202' title='bbox 1505 3544 1679 3664; x_wconf 79' lang='lat' dir='ltr'>reliquae</span> <span class='ocrx_word' id='word_1_203' title='bbox 1701 3544 1881 3657; x_wconf 86' lang='lat' dir='ltr'>duaepo-</span> 
     </span>
     <span class='ocr_line' id='line_1_30' title="bbox 594 3651 1896 3779; baseline 0.002 -42"><span class='ocrx_word' id='word_1_204' title='bbox 594 3651 785 3770; x_wconf 82' lang='lat' dir='ltr'>iypetalo</span> <span class='ocrx_word' id='word_1_205' title='bbox 802 3651 913 3741; x_wconf 80' lang='lat' dir='ltr'>flore</span> <span class='ocrx_word' id='word_1_206' title='bbox 933 3659 1109 3742; x_wconf 85' lang='lat' dir='ltr'>donatas</span> <span class='ocrx_word' id='word_1_207' title='bbox 1130 3655 1275 3772; x_wconf 85' lang='lat' dir='ltr'>stirpes</span> <span class='ocrx_word' id='word_1_208' title='bbox 1296 3659 1729 3779; x_wconf 84' lang='lat' dir='ltr'>comprehenderunt,</span> <span class='ocrx_word' id='word_1_209' title='bbox 1757 3681 1896 3772; x_wconf 68' lang='lat' dir='ltr'>quar-¹</span> 
     </span>
     <span class='ocr_line' id='line_1_31' title="bbox 594 3766 1811 3894; baseline 0.002 -47"><span class='ocrx_word' id='word_1_210' title='bbox 594 3775 636 3847; x_wconf 85' lang='lat' dir='ltr'>t&#39;a</span> <span class='ocrx_word' id='word_1_211' title='bbox 658 3766 827 3881; x_wconf 85' lang='lat' dir='ltr'>quidem</span> <span class='ocrx_word' id='word_1_212' title='bbox 847 3795 939 3886; x_wconf 85' lang='lat' dir='ltr'>quae</span> <span class='ocrx_word' id='word_1_213' title='bbox 960 3767 1148 3856; x_wconf 83' lang='lat' dir='ltr'>Rosaceo</span> <span class='ocrx_word' id='word_1_214' title='bbox 1161 3833 1185 3884; x_wconf 23' lang='grc' dir='ltr'>,Ι</span> <span class='ocrx_word' id='word_1_215' title='bbox 1204 3774 1350 3890; x_wconf 78' lang='lat' dir='ltr'>quinta</span> <span class='ocrx_word' id='word_1_216' title='bbox 1374 3802 1469 3894; x_wconf 83' lang='lat' dir='ltr'>quae</span> <span class='ocrx_word' id='word_1_217' title='bbox 1491 3772 1811 3890; x_wconf 86' lang='lat' dir='ltr'>papilionaceo.</span> 
     </span>
     <span class='ocr_line' id='line_1_32' title="bbox 644 3874 1876 4006; baseline 0.007 -49"><span class='ocrx_word' id='word_1_218' title='bbox 644 3874 716 3957; x_wconf 76' lang='lat' dir='ltr'>&#39;Ad</span> <span class='ocrx_word' id='word_1_219' title='bbox 738 3877 851 3966; x_wconf 89' lang='lat' dir='ltr'>hunc</span> <span class='ocrx_word' id='word_1_220' title='bbox 874 3907 1008 3994; x_wconf 89' lang='lat' dir='ltr'>porro</span> <span class='ocrx_word' id='word_1_221' title='bbox 1030 3881 1217 3970; x_wconf 55' lang='lat' dir='ltr'>&#39;modum</span> <span class='ocrx_word' id='word_1_222' title='bbox 1248 3887 1326 3970; x_wconf 91' lang='lat' dir='ltr'>Vir</span> <span class='ocrx_word' id='word_1_223' title='bbox 1348 3886 1523 3975; x_wconf 82' lang='lat' dir='ltr'>sununus</span> <span class='ocrx_word' id='word_1_224' title='bbox 1550 3913 1706 4006; x_wconf 83' lang='lat' dir='ltr'>genera</span> <span class='ocrx_word' id='word_1_225' title='bbox 1737 3879 1876 3967; x_wconf 79' lang='lat' dir='ltr'>ornuia</span> 
     </span>
     <span class='ocr_line' id='line_1_33' title="bbox 595 3982 1880 4116; baseline 0.009 -46"><span class='ocrx_word' id='word_1_226' title='bbox 595 3982 823 4076; x_wconf 66' lang='lat' dir='ltr'>distribuite</span> <span class='ocrx_word' id='word_1_227' title='bbox 851 3993 895 4074; x_wconf 92' lang='lat' dir='ltr'>in</span> <span class='ocrx_word' id='word_1_228' title='bbox 920 3995 1053 4104; x_wconf 83' lang='lat' dir='ltr'>prima</span> <span class='ocrx_word' id='word_1_229' title='bbox 1077 3991 1192 4080; x_wconf 82' lang='lat' dir='ltr'>ciass‘e</span> <span class='ocrx_word' id='word_1_230' title='bbox 1215 3993 1661 4116; x_wconf 80' lang='lat' dir='ltr'>collocanturplantae,</span> <span class='ocrx_word' id='word_1_231' title='bbox 1689 4021 1782 4110; x_wconf 79' lang='lat' dir='ltr'>que</span> <span class='ocrx_word' id='word_1_232' title='bbox 1793 3985 1880 4075; x_wconf 86' lang='lat' dir='ltr'>sso-</span> 
     </span>
     <span class='ocr_line' id='line_1_34' title="bbox 595 4097 1881 4230; baseline 0.005 -49"><span class='ocrx_word' id='word_1_233' title='bbox 595 4097 717 4189; x_wconf 77' lang='lat' dir='ltr'>ribue</span> <span class='ocrx_word' id='word_1_234' title='bbox 726 4121 928 4194; x_wconf 85' lang='lat' dir='ltr'>ornantur</span> <span class='ocrx_word' id='word_1_235' title='bbox 951 4107 1254 4220; x_wconf 67' lang='lat' dir='ltr'>rnonopetalis3</span> <span class='ocrx_word' id='word_1_236' title='bbox 1281 4111 1325 4199; x_wconf 90' lang='lat' dir='ltr'>in</span> <span class='ocrx_word' id='word_1_237' title='bbox 1345 4138 1556 4229; x_wconf 83' lang='lat' dir='ltr'>campanae</span> <span class='ocrx_word' id='word_1_238' title='bbox 1576 4111 1881 4230; x_wconf 84' lang='lat' dir='ltr'>figuramcom·</span> 
     </span>
     <span class='ocr_line' id='line_1_35' title="bbox 596 4209 1882 4338; baseline 0.009 -41"><span class='ocrx_word' id='word_1_239' title='bbox 596 4209 739 4323; x_wconf 84' lang='lat' dir='ltr'>plicati</span> <span class='ocrx_word' id='word_1_240' title='bbox 761 4247 776 4320; x_wconf 82' lang='lat'>3</span> <span class='ocrx_word' id='word_1_241' title='bbox 807 4216 907 4305; x_wconf 91' lang='lat' dir='ltr'>ideo</span> <span class='ocrx_word' id='word_1_242' title='bbox 928 4217 1162 4335; x_wconf 88' lang='lat' dir='ltr'>hujusmodi</span> <span class='ocrx_word' id='word_1_243' title='bbox 1184 4215 1314 4312; x_wconf 81' lang='lat' dir='ltr'>flores</span> <span class='ocrx_word' id='word_1_244' title='bbox 1332 4251 1446 4317; x_wconf 87' lang='lat' dir='ltr'>nova</span> <span class='ocrx_word' id='word_1_245' title='bbox 1469 4223 1753 4338; x_wconf 82' lang='lat' dir='ltr'>appellatione</span> <span class='ocrx_word' id='word_1_246' title='bbox 1778 4248 1882 4300; x_wconf 72' lang='lat' dir='ltr'>carn·</span> 
     </span>
     <span class='ocr_line' id='line_1_36' title="bbox 592 4327 1881 4538; baseline 0.016 -123"><span class='ocrx_word' id='word_1_247' title='bbox 592 4327 823 4444; x_wconf 52' lang='lat' dir='ltr'>pandoram</span> <span class='ocrx_word' id='word_1_248' title='bbox 840 4329 974 4420; x_wconf 77' lang='lat' dir='ltr'>dieti.</span> <span class='ocrx_word' id='word_1_249' title='bbox 1011 4331 1201 4447; x_wconf 66' lang='lat' dir='ltr'>§ecunda</span> <span class='ocrx_word' id='word_1_250' title='bbox 1233 4365 1300 4456; x_wconf 80' lang='lat' dir='ltr'>eas</span> <span class='ocrx_word' id='word_1_251' title='bbox 1329 4333 1657 4455; x_wconf 66' lang='lat' dir='ltr'>complentur,</span> <span class='ocrx_word' id='word_1_252' title='bbox 1681 4353 1881 4538; x_wconf 55' lang='lat' dir='ltr'>filum</span> 
     </span>
     <span class='ocr_line' id='line_1_37' title="bbox 655 4464 1827 4542; baseline 0.01 -12"><span class='ocrx_word' id='word_1_253' title='bbox 655 4467 663 4478; x_wconf 85' lang='lat'><strong><em>&#39;</em></strong></span> <span class='ocrx_word' id='word_1_254' title='bbox 751 4491 755 4496; x_wconf 93' lang='lat'>·</span> <span class='ocrx_word' id='word_1_255' title='bbox 1632 4522 1633 4525; x_wconf 63' lang='lat'>,</span> <span class='ocrx_word' id='word_1_256' title='bbox 1717 4464 1827 4542; x_wconf 61' lang='grc' dir='ltr'>ΟΜ»</span> 
     </span>
    </p>
   </div>
   <div class='ocr_carea' id='block_1_3' title="bbox 0 0 2082 5424">
    <p class='ocr_par' dir='ltr' id='par_1_3' title="bbox 0 0 2082 5424">
     <span class='ocr_line' id='line_1_38' title="bbox 0 0 2082 5424; baseline 0 0"><span class='ocrx_word' id='word_1_257' title='bbox 0 0 2082 5424; x_wconf 95' lang='lat' dir='ltr'> </span> 
     </span>
    </p>
   </div>
  </div>
 </body>
</html>
