4120 5414
387 231 676 346 uranu
726 227 1234 322 secvnovs.
1310 237 1391 352 rs,

187 379 238 446 to
265 377 455 470 ternpore
485 352 580 440 coll'
612 353 716 447 itur,
741 370 790 440 ut
817 371 1096 449 excernatur,
1125 351 1329 437 diuturnis
1359 377 1462 467 ope-

186 473 244 558 ris
272 466 531 555 exhauritur.
601 490 660 548 on
672 459 731 548 est
758 461 883 578 igitur
910 462 1060 550 nrirurn
1078 492 1153 550 cur
1182 460 1341 576 plantae,
1368 489 1462 582 quae

188 581 368 670 lruslurn
393 574 473 664 fine
502 573 685 690 apicibus
714 571 988 687 producunt,
1025 577 1161 688 apices
1191 600 1278 658 non
1306 570 1463 670 rerunt,

188 694 389 812 quoniam
415 689 600 808 liquores
629 688 672 770 in
700 687 835 799 apices
864 685 1103 802 deponendi
1122 686 1173 772 ad
1194 685 1462 798 explicandos

188 805 434 922 ernbryones
464 802 750 888 corrivantur.
770 795 873 882 Illud
899 801 1022 884 etiarn
1043 802 1147 883 inter
1167 794 1381 886 necessaria
1406 797 1464 886 est

189 915 394 1025 adjicere,
422 914 495 998 has
524 909 681 1026 plantas
704 907 745 991 in
767 907 1037 1024 peculiaribus
1062 908 1227 998 vasculis
1251 911 1305 995 ita
1329 910 1464 1023 uis'po·

189 1023 283 1113 srtos
313 1025 360 1112 &
389 1021 607 1112 defaecatos
637 1021 777 1107 succos
805 1018 965 1107 sortatl'e
994 1019 1220 1117 ass‘crvare,
1261 1045 1308 1109 ut
1333 1024 1463 1110 rursus

187 1137 233 1224 in
260 1137 444 1252 apicibus
471 1131 705 1329 deputandi
735 1157 825 1218 non
854 1130 948 1230 sint,
971 1132 1247 1250 &subigendi
1271 1139 1352 1219 ,Et
1377 1137 1464 1224 nim

185 1247 216 1338 fi
246 1247 471 1376 petaloides
502 1267 671 1360 panta,
700 1267 746 1334 ut
775 1245 1076 1342 indicavimus,
1112 1249 1155 1330 in
1186 1245 1318 1356 petala
1346 1247 1391 1332 ἃ
1419 1245 1464 1330 in

177 1386 329 1474 apices
350 1359 545 1476 digerunt
567 1381 789 1472 propterea
812 1356 1017 1476 liquores,
1047 1379 1093 1442 ut
1112 1357 1346 1474 embryonis
1371 1387 1464 1473 par·

189 1490 252 1557 tes
280 1471 444 1588 ingredi
474 1471 656 1584 possint,·
682 1467 844 1565 rursus,
870 1467 898 1552 ti
928 1466 1175 1578 imperfedlo
1203 1473 1307 1554 flore
1335 1469 1464 1559 dona·

189 1599 244 1668 tae
273 1579 415 1707 petalis
443 1607 530 1664 non
558 1579 825 1697 subigendum
853 1581 1092 1678 continent,
1121 1607 1195 1665 cur
1224 1574 1352 1702 longe
1375 1613 1465 1698 per.

189 1687 384 1779 fedlrores
421 1691 672 1780 inveniendae
701 1717 787 1772 non
815 1688 937 1792 sunt,
976 1719 1155 1808 quarurn
1182 1692 1287 1779 succi
1319 1718 1374 1782 ita
1402 1720 1462 1783 te-

186 1803 378 1898 nues,ita
405 1797 685 1901 volatiles,ita
714 1799 912 1919 firnplices
941 1805 987 1887 in
1017 1807 1238 1919 peculiaria
1264 1807 1355 1892 vasa
1377 1804 1464 1896 col.

185 1911 387 2035 ligantur,
414 1935 461 2004 ut
488 1943 541 2003 ne
570 1918 737 2029 apicum
765 1918 933 2031 quidem
962 1945 1092 2030 opera
1122 1918 1361 2036 indigeant?

243 2025 534 2116 Concludatur
562 2029 704 2142 itaque
732 2029 774 2111 in
802 2026 953 2142 plantis
976 2031 1111 2144 apices
1134 2055 1222 2114 non
1243 2023 1463 2119 ferentibus

190 2165 216 2224 a
244 2137 515 2250 peculiaribus
544 2136 711 2227 vasculis
739 2139 792 2224 ad
819 2141 1063 2248 embrvones
1099 2138 1262 2228 succum
1290 2136 1465 2240 deferri,

224 2276 301 2336 uos
330 2248 463 2348 subit,
500 2277 614 2359 curus
645 2249 910 2362 portiuncula
936 2247 1012 2370 'per
1051 2254 1166 2341 tubas
1194 2251 1464 2351 diffunditur,

241 2363 476 2450 ,seminibus
503 2360 755 2474 explicandis
784 2363 977 2452 inservit.
1016 2363 1178 2452 Idcirco
1205 2365 1304 2454 tuba
1332 2362 1465 2452 niodo

186 2471 356 2588 fiinplex
383 2473 460 2570 est,
488 2475 619 2562 inodo
647 2472 826 2573 ramosa,
849 2477 1078 2594 aliquando
1100 2479 1144 2561 in
1165 2471 1326 2564 foliosis
1348 2471 1467 2597 quas,

187 2583 286 2673 darn
313 2581 579 2700 expanfiones
610 2589 853 2714 produbiar
881 2588 982 2703 sape
1011 2589 1054 2672 in
1081 2589 1266 2704 suprema
1296 2589 1344 2675 &
1363 2585 1465 2676 cas

186 2695 292 2782 frore
321 2700 377 2784 sui
407 2719 523 2812 parte
550 2724 715 2812 apicum
738 2699 938 2785 utriculos
959 2702 1088 2815 gerit,
1117 2703 1159 2783 in
1177 2726 1284 2817 quos
1308 2698 1465 2818 aliquid

189 2808 297 2895 succi
326 2809 536 2920 seponitur
564 2810 730 2921 apicum
757 2805 911 2927 liquori
949 2804 1145 2926 analogi,
1185 2812 1259 2925 qui
1297 2837 1370 2924 per
1399 2831 1463 2900 tu-

188 2925 285 3014 batn
312 2923 362 3003 ad
391 2917 542 3003 semina
570 2915 814 3004 descendit.
848 2923 982 3036 Qod
1011 2921 1058 3008 &
1096 2923 1137 3005 in
1167 2923 1252 3006 altis
1290 2919 1461 3012 floribus

187 3039 316 3128 etiarn
343 3026 532 3146 perfestis
561 3028 777 3120 observare
804 3027 933 3129 licet,
972 3033 1088 3120 utin
1116 3030 1460 3123 semiflosculosrs.

191 3143 409 3273 Quidquid
436 3143 560 3258 igitur
586 3143 759 3264 liquoris
790 3142 831 3225 in
859 3143 956 3231 tuba
983 3143 1218 3263 subigitur,
1249 3144 1292 3231 id
1322 3144 1461 3233 semini

191 3262 385 3364 inservit,
412 3253 458 3342 &
489 3279 714 3372 propterea
742 3281 822 3368 pro
851 3253 1044 3344 seminum
1072 3281 1217 3347 natura
1244 3258 1462 3373 ampliatur

189 3395 263 3464 aut
289 3367 549 3456 contrahitur
575 3365 706 3456 tuba.
744 3373 792 3451 In
819 3378 931 3455 Ficus
957 3391 1094 3458 autern
1131 3371 1267 3485 pomis
1301 3398 1387 3455 uon
1417 3375 1462 3454 in

189 3486 298 3574 tubis
327 3479 393 3566 sed
421 3481 467 3562 in
494 3477 644 3566 toliosrs
660 3477 832 3599 squamis
849 3483 1165 3600 circunquaque
1193 3475 1462 3606 fruttqsfun

186 3600 246 3688 do
286 3598 394 3681 intus
422 3593 548 3678 affixis
577 3591 646 3678 bic
657 3592 797 3713 liquor
808 3589 1041 3707 perficitur,
1072 3595 1145 3713 qui
1174 3587 1337 3682 forcalle
1357 3621 1462 3682 rnox

187 3702 482 3827 embryonibus
524 3732 597 3817 per
624 3703 930 3818 receptaculum
957 3707 1315 3795 communicatur.
1353 3704 1462 3796 Reli·

188 3851 284 3949 quae
314 3848 445 3935 porro
479 3813 633 3906 srustus
662 3843 817 3932 partes,
844 3818 966 3906 succo
988 3845 1012 3902 a
1032 3819 1303 3932 peculiaribus
1322 3819 1459 3918 valeta·

185 3937 235 4028 lis
263 3933 509 4034 accedente,
537 3933 797 4048 explicantur
824 3929 872 4022 ὃ(
899 3929 1158 4023 nutriuntur.

535 4143 558 4300 r
