4126 5420
661 257 719 338 ss
879 227 1578 350 DISSERTaTlo

591 387 780 457 urentur,
801 357 973 476 quibua
999 357 1136 440 intus·
1159 355 1325 467 apicum
1358 347 1605 463 corpuscula
1630 347 1870 444 {inherent}

589 481 751 562 Natura
779 469 916 558 autem
942 465 1189 552 solertiffimo
1212 459 1392 551 ‚consilio
1421 463 1508 548 hoc
1538 461 1751 550 constituit
1769 490 1867 560 ,ut

591 590 712 685 tuba,
742 613 836 702 quae
864 608 938 697 per
968 577 1193 664 tubulatam
1219 605 1272 665 va
1304 579 1413 660 inam
1441 575 1492 664 ab
1524 574 1752 691 embryone
1780 572 1871 664 sub-

593 699 656 796 it,
694 701 830 784 erecta
868 711 1091 785 maneret,
1144 716 1234 804 quo
1262 599 1418 786 facilus
1447 689 1551 773 aeris
1589 687 1872 799 reciprocatio

591 812 901 926 contingeret,·
930 801 1096 890 stamina
1123 829 1227 888 vero
1255 805 1298 888 in
1326 799 1476 889 tubum
1503 798 1712 886 coardata
1743 824 1872 913 angu-

589 923 685 1010 stius
713 935 972 1032 occuparent
999 911 1201 1023 spatium;
1228 913 1356 1002 affixis
1383 911 1566 1030 denique
1590 910 1778 996 interiori
1800 935 1872 1022 pe.

588 1032 769 1120 talorum
797 1027 942 1144 parieti
971 1023 1141 1135 apicum
1158 1019 1430 1138 corpusculis,
1461 1047 1508 1110 ut
1530 1022 1710 1138 ipsorum
1730 1020 1870 1140 liquor

591 1146 644 1231 ab
674 1144 791 1236 aeris,
822 1136 1113 1252 &pluviarum
1141 1134 1298 1246 injuriis
1322 1133 1664 1230 defenderentur,
1693 1133 1867 1224 curavit,

589 1262 696 1363 Quae
723 1252 935 1339 staminum
962 1241 1169 1356 dispofitio
1198 1272 1286 1331 non
1314 1247 1377 1332 his
1399 1243 1492 1329 solis
1515 1275 1596 1332 con
1630 1242 1868 1332 lobatorum

587 1363 744 1452 florum
771 1360 944 1475 plantis,
962 1353 1044 1442 'sed
1068 1355 1189 1444 etiam
1213 1358 1261 1442 in
1288 1353 1471 1471 pluribco
1500 1363 1554 1446 ex
1579 1273 1868 1446 deflerem·-

588 1473 830 1595 gularibuss
858 1498 953 1561 nam
980 1468 1187 1581 Astltpt'rs,
1215 1485 1417 1587 Apatyrtum
1437 1528 1449 1564 ,
1469 1487 1671 1583 Borrago,
1699 1469 1864 1586 Maluit,

589 1594 701 1676 Aleta
724 1646 736 1681 ,
763 1594 948 1678 Ketaria,
977 1575 1023 1662 ’ἃ
1050 1578 1320 1666 c'ucurbiraceae
1347 1578 1434 1666 fere
1462 1607 1607 1666 omnes
1639 1583 1683 1665 in
1723 1577 1866 1666 tubum

590 1699 758 1784 stamina
784 1693 1007 1803 conjunsta
1036 1687 1305 1802 producunt.
1345 1689 1584 1808 Aliquando
1628 1685 1694 1799 (st
1735 1687 1867 1778 flores

590 1808 741 1928 ampli,
772 1803 996 1892 &laxiori
1024 1798 1163 1931 calyce
1192 1806 1396 1918 excepti)
1426 1801 1629 1916 disj'undla
1665 1799 1863 1924 subeunt3

591 1920 691 2006 ideo
718 1919 906 2034 Dipſstca,
934 1915 1136 2024 Scabiosa,
1178 1917 1398 1999 Globulart'ae
1426 1912 1590 2002 stamina
1619 1909 1863 2031 smgularla,

589 2059 679 2118 non
706 2033 749 2116 in
780 2026 923 2116 tubiun
950 2025 1105 2143 digesta
1130 2091 1140 2112 .
1167 2027 1240 2112 Hit
1268 2055 1373 2116 vero
1433 2028 1504 2110 uid
1523 2023 1706 2121 sunilius,
1734 2049 1866 2136 quam

590 2145 739 2240 nubta,
769 2140 961 2236 sambuci,
988 2149 1102 2236 Tiri,
1128 2143 1387 2226 Valerimllae
1403 2052 1579 2226 thores?
1610 2137 1731 2226 Tuba
1759 2162 1866 2250 quo·

590 2281 696 2374 que,
724 2250 803 2342 five
831 2247 1043 2364 pistillum,
1072 2250 1191 2365 quod
1220 2251 1475 2364 precipuum
1502 2250 1578 2338 elle
1605 2250 1713 2340 inter
1740 2241 1861 2337 floris

587 2389 726 2564 partes
755 2361 954 2464 exhibui,
980 2387 1069 2448 non
1094 2357 1224 2450 solum
1252 2360 1413 2480 stragulis
1441 2365 1605 2460 datum,
1633 2387 1803 2456 verum,
1833 2355 1862 2450 lt

610 2475 706 2561 loris
732 2478 842 2562 ratio
871 2474 1130 2568 attendatur,
1160 2500 1290 2590 quam
1316 2479 1619 2604 longiffimum.
1646 2475 1742 2556 Hoc
1769 2473 1862 2586 qui,

588 2588 664 2676 bus
705 2611 795 2674 non
833 2585 1008 2682 insidet,
1050 2583 1371 2674 infoecunditatis
1397 2588 1627 2678 indicium.
1665 2585 1858 2702 Denique

588 2702 672 2804 (ne
700 2699 924 2786 exteriores
936 2700 1058 2784 etiam
1079 2721 1212 2812 partes
1238 2695 1576 2798 desiderarentur,
1599 2696 1859 2812 minimeque

587 2807 816 3004 utilitatis?
841 2838 968 2926 quam
995 2807 1159 2924 plurimi
1188 2833 1336 2923 praeter
1367 2839 1630 2901 conrnunem
1661 2805 1858 2932 peculiari

589 2925 712 3010 etiam
738 2951 786 3012 ca
803 2949 878 3038 yte
906 2921 1113 3018 instructi,
1143 2924 1218 3038 qui
1244 2925 1374 3012 modo
1402 2923 1615 3010 filamenris
1636 2945 1859 3035 componi,

588 3055 656 3118 tur
688 3033 704 3136 (
719 3060 850 3230 plppos
876 3055 1032 3122 vocant
1057 3038 1074 3141 )
1103 3031 1261 3159 summo
1293 3038 1510 3154 embryoni
1537 3032 1859 3130 adherentibus,

587 3142 721 3232 modo
766 3147 947 3260 quantis,
973 3143 1318 3235 membranultsve
1339 3147 1520 3234 constat.
1550 3153 1746 3258 Quorum
1774 3143 1862 3232 usus

588 3255 795 3344 eximius.
836 3265 940 3346 Sunt
964 3257 1088 3342 etiam
1115 3281 1291 3373 quatum
1316 3253 1445 3347 floret
1483 3257 1626 3380 snrguli
1661 3255 1866 3350 membra·

585 3365 690 3453 noso
701 3365 840 3494 calyce
865 3369 1101 3464 donantur,
1129 3390 1176 3464 ut
1194 3371 1448 3484 Scabiofirum
1465 3397 1619 3493 genus.
1646 3371 1749 3461 Sunt
1764 3377 1866 3486 prat-

584 3503 699 3566 rerea
727 3482 876 3597 quibus
908 3480 1105 3570 thalamus
1132 3479 1398 3599 squamosus,
1425 3489 1470 3572 in
1498 3514 1588 3604 quo
1615 3483 1791 3603 squamae
1819 3486 1864 3568 in

584 3587 771 3679 foveolas
799 3595 962 3720 digestae
988 3587 1116 3681 flores
1147 3625 1197 3681 ac
1223 3595 1372 3685 semina
1398 3629 1424 3684 a
1452 3595 1747 3714 circumpofitis
1784 3587 1859 3684 flo-

584 3703 698 3790 ribus
725 3703 1018 3820 letnimbusque
1044 3703 1285 3808 secernunt,
1313 3711 1432 3830 quod
1453 3713 1501 3796 in
1526 3711 1613 3800 hoc
1642 3715 1856 3823 Asteroide.

535 3881 539 3890 .
585 3812 633 3896 in
651 3819 929 3914 chamaio,
960 3817 1005 3902 in
1032 3822 1275 3930 Xeraatbenro
1300 3881 1332 3919 ,.
1352 3821 1422 3908 scd
1450 3821 1699 3942 elegantiori
1724 3817 1861 3912 forma

585 3925 645 4051 ³¹&
660 3928 828 4041 Dipsud.
843 3929 1050 4054 uidemur.
1076 3935 1152 4018 His
1174 3931 1324 4051 itaque
1351 3929 1432 4026 live
1453 3937 1623 4053 poppis.
1652 3932 1771 4027 lives
1793 3964 1860 4022 ua,

584 4061 673 4124 natu·
689 4040 837 4159 calycis
856 4041 945 4132 usus
965 4043 1274 4159 rependitur&
1301 4050 1610 4164 compensatur.
1639 4051 1713 4136 Ma
1752 4046 1858 4136 'este

584 4149 727 4265 itaque
754 4183 805 4240 at
833 4151 978 4270 plane,
1005 4153 1248 4259 Auditores,
1276 4183 1469 4276 apparet,
1497 4161 1577 4248 hos
1604 4187 1749 4250 omnes
1777 4157 1860 4254 flo.

548 4341 551 4346 .
583 4285 649 4350 res
677 4264 725 4354 &
745 4265 903 4379 figura,
931 4267 980 4358 dc
1007 4267 1194 4383 partibus
1221 4271 1547 4396 monopetalps,¹
1564 4303 1616 4392 ac
1644 4271 1860 4472 pagellas

641 4427 647 4440 ·
701 4405 743 4454 -1
980 4445 991 4464 .
1697 4415 1718 4476 e
1750 4408 1801 4489 ες
