4120 5414
224 261 1508 690 orssuurnrlo

617 839 699 994 N
743 843 818 996 0
866 847 946 994 N
990 845 1095 996 A.

362 1197 424 1249 ,ᾗ
468 1176 479 1243 J
563 1139 600 1222 Is
629 1129 722 1254 quae
751 1135 795 1220 in
825 1135 1033 1249 proximas
1065 1162 1245 1256 quatuor
1262 1139 1506 1232 dill'ertatio-

251 1258 299 1309 ,r
333 1288 361 1369 p..
452 1272 529 1349 ³?
591 1273 662 1336 nes
690 1245 842 1334 collau
865 1243 978 1345 sunt,
1008 1254 1216 1366 precipua
1246 1254 1294 1340 &
1321 1259 1503 1342 maxime

358 1366 371 1401 ⁸
411 1386 441 1481 ,l
481 1388 503 1415 s·
589 1357 827 1456 necell'aria,
855 1385 950 1472 quae
977 1362 1030 1444 ad
1057 1353 1173 1448 floris
1200 1363 1505 1456 llosculosrtum

250 1496 292 1601 τί,
313 1464 360 1553 ,’
589 1468 776 1596 lingulati
827 1488 916 1592 turn
953 1471 1123 1591 proprie
1154 1475 1252 1564 dim·
1289 1479 1498 1568 rationem

408 1586 540 1771 'ru
586 1580 1340 1783 illstlll¹⁶²llllzu⁰lll²l
1353 1590 1501 1783 fulli?

233 1732 532 1778 infe-1⁷
873 1741 885 1786 i
1290 1728 1368 1783 aa
1484 1755 1502 1772 -

573 1800 697 1892 nulla
726 1801 852 1918 paulo
881 1755 1224 1903 abstrufiorasde
1246 1808 1394 1929 quibus
1416 1805 1501 1896 for„

214 1917 309 2004 tassie
346 1916 463 2008 basius
503 1920 708 2034 disputare
739 1907 991 2029 potuill'em,
1040 1917 1110 2004 nifi
1141 1916 1386 2006 discentibus
1410 1918 1500 2006 bre-

217 2030 371 2127 viora,
400 2031 447 2116 &
476 2031 721 2146 simpliciora
749 2025 855 2112 tradi
883 2030 1011 2144 magis
1039 2029 1234 2146 expedire
1263 2029 1493 2146 cognosce-

215 2163 326 2228 rem.
355 2137 445 2228 Alia
471 2145 595 2229 etiarn
618 2135 755 2237 fileae,
785 2167 891 2258 qua,
921 2167 1015 2226 cum
1034 2141 1087 2227 ad
1109 2143 1216 2229 hauc
1234 2203 1246 2242 ‚
1267 2142 1319 2227 de
1348 2165 1432 2256 qua
1456 2171 1497 2228 a·

214 2277 318 2369 gere
348 2255 640 2372 aggredimur,
669 2249 841 2338 Clall‘em
866 2254 995 2369 magis
1022 2251 1205 2367 spectare
1234 2255 1491 2350 viderentur,

214 2391 272 2450 eo
293 2365 336 2446 in
356 2363 456 2453 loco
476 2364 663 2453 consulto
682 2363 972 2454 declinavimus
992 2426 1004 2461 ,
1033 2393 1087 2450 ne
1108 2365 1251 2452 eadem
1271 2361 1494 2451 retractan-

211 2473 256 2558 di
278 2473 464 2564 molestia
486 2481 744 2566 afficerentur
780 2474 1010 2562 audientes.
1038 2481 1139 2562 Haec
1157 2499 1293 2564 autem
1315 2501 1405 2558 nou
1428 2475 1489 2559 so⁴

210 2579 299 2672 lum
341 2589 537 2678 intuenda
573 2588 659 2674 hoc
699 2609 893 2702 tempore
929 2586 1208 2683 arbitramur,
1254 2586 1322 2673 sed
1365 2588 1492 2672 etiam

212 2723 339 2816 quarn
364 2700 665 2828 diligentiffime
692 2723 769 2810 per
798 2723 940 2782 omnes
983 2722 1117 2813 partes
1153 2697 1323 2785 scrutari
1368 2692 1492 2784 debe-

208 2832 335 2897 mus.
379 2816 496 2921 Qun
521 2809 568 2892 &
595 2833 729 2920 pauca
761 2835 815 2894 ex
843 2805 952 2903 illis,
982 2836 1074 2926 quae
1100 2807 1374 2924 superioribus
1406 2805 1492 2892 die-

214 2915 290 3006 bus
320 2919 566 3030 pertrastata
604 2917 728 3030 sunt,
764 2947 809 3006 re
839 2917 986 3006 'erenda
1024 2920 1160 3035 saepius
1200 2945 1354 3014 erunt,
1397 2944 1489 3034 quo

212 3025 359 3116 clarius
397 3058 492 3149 quae
533 3028 754 3115 indicanda
811 3029 1039 3144 upersunt,
1072 3036 1223 3148 exequi
1256 3031 1488 3124 valeamus.

209 3141 322 3244 Cum
345 3147 455 3230 enirn
476 3137 561 3228 flos
584 3140 859 3256 conglobatus
879 3144 922 3226 in
942 3143 1097 3232 radiata
1118 3145 1296 3256 capitula
1314 3141 1488 3258 digestus

212 3253 365 3448 partina
384 3252 493 3341 llore
516 3250 739 3338 flosculoso
765 3253 936 3368 proprie
955 3251 1073 3342 dicto
1105 3255 1298 3353 constet,
1337 3255 1489 3364 partim

229 3361 563 3464 emiflosculoso,
604 3363 677 3484 qui
710 3395 731 3450 a
778 3366 873 3450 edlu
903 3365 954 3448 ad
984 3365 1227 3482 lingulatum
1255 3361 1486 3451 referendus

212 3473 402 3576 videtur,
430 3481 504 3594 qui
527 3391 841 3588 fierrpotellmt
869 3471 985 3560 illum
1011 3478 1067 3560 ita
1095 3471 1313 3591 diligenter
1333 3495 1487 3588 pertra-

213 3585 403 3686 ἃεπιιις,
442 3613 488 3678 ut
516 3587 683 3677 subinde
714 3583 936 3675 flosculosrs
966 3584 1196 3703 quidquam
1226 3583 1486 3676 tribuendum

209 3725 303 3784 nou
323 3698 391 3786 fitt
416 3701 568 3788 Addlte
591 3723 657 3786 tot
674 3719 905 3816 genera,ut
927 3719 1109 3811 Cyanam,
1137 3705 1369 3816 Cyanoidrn,
1391 3699 1487 3783 Cen·

211 3817 402 3910 termium,
424 3817 644 3914 mucidam,
669 3815 928 3908 rorbz'cinam,
957 3812 1214 3924 Absmthium‚
1242 3815 1482 3904 Abroranunr,

210 3926 469 4034 Artemistam,
498 3952 590 4046 que
613 3952 666 4009 ex
684 3917 844 4011 flosculi
867 3925 1037 4038 proprie
1059 3921 1157 4009 dieu·
1179 3917 1294 4008 clall‘c
1315 3925 1357 4008 in
1377 3922 1487 4005 hanc

212 4034 508 4125 tranlhrlimus.
536 4044 637 4123 Non
665 4035 789 4153 igitur
816 4037 868 4122 de
896 4036 981 4123 ltoc
1009 4027 1123 4122 lloris
1152 4063 1303 4152 genere
1332 4056 1487 4148 pertra-

208 4149 370 4236 &antes
405 4152 460 4237 ita
491 4153 613 4238 certis
648 4145 795 4236 finibus
844 4145 1122 4273 circumscribi¹
1157 4143 1361 4262 polliunus
1377 4192 1400 4238 „
1437 4164 1485 4228 ur

206 4262 468 4382 quaudoque
488 4267 533 4352 in
553 4261 996 4382 alienanonexcurrat
1017 4281 1178 4349 oratio.
1199 4255 1332 4380 Quod
1350 4275 1489 4340 tamen

1376 4393 1431 4454 ne
