4168 5418
687 277 791 390 ‘4⁸'
901 256 1626 364 ZlmITHOLOGIAE

620 420 764 482 ornnes
795 393 840 475 in
867 393 1126 480 extremitate
1153 387 1397 477 fimbriata.
1438 389 1634 502 Sequitur
1658 382 1832 472 “deindo
1853 404 1891 470 tn

618 506 708 594 liud
734 501 919 620 petalum
955 503 1152 592 exteriori
1191 498 1427 601 infidena,·
1492 500 1551 586 od
1587 522 1892 617 nonnunquam

617 619 783 706 tertium
812 612 882 702 fibi
912 617 1145 733 impofitum
1170 615 1391 701 continet.
1473 615 1501 697 ’s
1540 608 1729 700 omnibus
1769 603 1892 696 color

615 729 777 825 roseus,
806 753 899 847 quac
926 752 1064 818 tamen
1075 725 1281 816 nonnullis
1293 729 1336 810 in
1357 723 1458 811 locis
1487 724 1575 812 latis
1597 719 1763 811 maculis
1787 715 1889 805 albis

616 847 853 932 variantur.
881 843 1070 930 Tertium
1095 840 1144 928 &
1172 841 1362 929 intimum
1390 836 1559 925 stamina
1584 833 1818 926 fibianae,
1847 829 1893 916 dt

615 950 736 1066 plura
767 979 895 1073 quam
922 953 965 1036 in
992 952 1186 1072 vulgari,
1214 949 1369 1072 suisque
1395 971 1542 1036 ornata
1570 943 1756 1064 apicibus
1786 939 1896 1030 susti·

614 1083 720 1146 net.
748 1065 827 1147 Affi
859 1086 984 1153 untur
1010 1065 1099 1152 hacc
1126 1062 1262 1180 petala
1289 1058 1587 1179 receptaculo,
1615 1059 1659 1143 in
1687 1080 1779 1174 quo
1806 1078 1894 1143 cer-

613 1176 732 1297 nitur
756 1087 928 1292 emlryo
968 1173 1065 1264 niba
1094 1176 1341 1272 instruetus,
1382 1178 1458 1294 qui
1501 1194 1645 1260 tamen
1669 1169 1714 1252 in
1741 1163 1804 1253 lais
1830 1191 1893 1252 re-

614 1282 809 1403 gionibus
839 1311 1053 1402 nunquam
1078 1289 1354 1375 maturitatem
1380 1288 1531 1375 habet.

673 1400 788 1510 Saepe
816 1395 952 1513 petala
979 1423 1067 1484 non
1087 1395 1435 1510 multiplicantur,
1462 1396 1531 1483 sed
1559 1395 1671 1481 circa
1690 1417 1807 1478 oram
1831 1381 1890 1476 fir-

614 1511 868 1625 premantia
900 1509 994 1596 alias
1023 1533 1160 1625 partes
1188 1505 1492 1596 diffinduntur.
1520 1504 1765 1615 Hujussnodi
1791 1497 1850 1587 est

670 1629 833 1710 Nerium
833 1623 1014 1816 ¹struibus
1041 1621 1318 1733 rubescentibus
1344 1621 1393 1704 C.
1415 1621 1456 1700 Β.
1480 1627 1568 1704 Pan.
1586 1621 1702 1722 464,
1731 1613 1779 1701 &
1801 1616 1889 1698 To*

615 1799 623 1810 .
730 1757 859 1818 urne.
886 1735 967 1819 Ital.
994 1737 1047 1820 R.
1072 1733 1186 1822 Herb.
1216 1737 1311 1841 605.
1882 1767 1888 1785 ³

669 1840 868 1930 Producit
909 1843 1094 1960 rquidem
1121 1845 1175 1930 de
1203 1845 1358 1962 exiguo
1397 1871 1447 1932 ac
1475 1834 1741 1964 quinquifido
1778 1834 1889 1951 caly..

615 1979 665 2038 ce
692 1956 839 2051 flores,
866 1951 1183 2072 monopetalos‚
1202 1955 1383 2070 amplos,
1410 1955 1690 2043 rubescentes,
1711 1949 1757 2071 in
1768 1948 1890 2063 quin-

613 2091 699 2184 que
728 2087 864 2178 partes
891 2068 1043 2164 reatos,
1072 2069 1222 2189 quibus
1250 2063 1409 2153 corolla
1425 2069 1545 2152 ‘intus
1574 2056 1805 2147 adnascitur
1831 2079 1888 2144 ex

612 2177 801 2294 quinque
828 2179 1015 2292 partibus
1043 2180 1302 2296 composita,
1342 2175 1492 2265 eodem
1529 2171 1676 2262 colore
1713 2189 1861 2254 ornata
1870 2201 1890 2268 ,-

610 2293 793 2376 Stamina
821 2313 959 2375 autem
984 2293 1173 2411 quinque
1201 2295 1364 2374 interno
1382 2291 1549 2376 dorum
1576 2283 1722 2400 parieti
1751 2278 1888 2366 adhaea

610 2421 726 2495 rent,
756 2391 859 2486 villis
888 2403 1203 2515 circunquaque
1231 2400 1301 2484 srbi
1330 2401 1456 2483 affixis
1485 2397 1706 2487 instruite,
1737 2387 1887 2586 apices-

611 2533 700 2622 que
726 2505 975 2593 sustinentia.
1003 2511 1328 2639 Coniunguntur
1344 2537 1444 2595 cum
1464 2502 1730 2620 receptaculo
1779 2529 1887 2602 ores,

613 2620 683 2705 cui
714 2616 763 2718 &-
797 2617 971 2738 embryo
1009 2621 1053 2703 in
1091 2624 1203 2708 dona
1242 2644 1388 2708 centro
1427 2619 1653 2708 collocatus
1682 2617 1886 2728 affigitur,

612 2730 724 2818 suam
751 2729 893 2816 tubam
919 2726 1152 2845 proferens,
1183 2731 1230 2818 ὅτ
1258 2759 1334 2846 per
1353 2735 1629 2818 maturitatem
1656 2721 1810 2818 fruetus
1837 2721 1886 2812 fit

611 2839 842 2956 oblongus,
871 2840 1017 2941 siccus,
1046 2873 1101 2930 ex
1125 2843 1280 2932 duabus
1311 2843 1442 2930 thecis
1473 2839 1746 2956 compostus,
1777 2864 1884 3036 quac,

610 2951 905 3042 maturescente
926 2954 1097 3052 sesninc,
1125 2955 1405 3069 explicantur,
1437 2955 1482 3042 &
1500 2957 1650 3046 setnina
1670 2945 1777 3039 effun
1810 2973 1890 3042 utre

613 3060 865 3177 compress‘a,
892 3062 993 3163 lata,
1022 3094 1251 3184 pappoque
1278 3065 1494 3156 instratu.
1611 3091 1615 3098 '

617 3211 620 3221 ·
690 3179 891 3290 ,Polygtla
921 3186 1112 3294 vulgaris,
1136 3205 1343 3294 purpurea,
1360 3179 1460 3288 flore
1482 3180 1613 3290 pleno.

613 3345 616 3354 -
665 3287 970 3400 Perpendamus
999 3293 1121 3380 ctiam
1146 3290 1276 3384 hanc,
1304 3313 1431 3404 quam
1460 3306 1553 3370 ante
1579 3282 1660 3373 hos
1680 3283 1787 3372 duos
1816 3310 1890 3372 an-

610 3421 690 3530 nos
719 3401 762 3484 in
790 3403 1002 3490 montibus
1029 3397 1315 3498 humilioribus
1344 3398 1595 3495 invenimus,
1621 3399 1773 3486 florum
1799 3395 1885 3512 spc-

611 3540 675 3604 cre
705 3539 1007 3627 peramoenam.
1058 3582 1062 3592 .
1812 3551 1818 3560 ²
1863 3555 1866 3561 ·

664 3624 902 3714 Cauliculos
929 3629 1066 3743 plures
1095 3628 1145 3714 ab
1174 3626 1317 3714 eadem
1351 3623 1491 3712 radice
1529 3623 1678 3724 effert,
1717 3624 1883 3744 langiu<¹

607 3732 758 3850 resque
789 3765 916 3854 quam
938 3744 981 3824 in
1009 3737 1170 3856 vulgari
1192 3741 1362 3853 polygala
1376 3765 1563 3856 purpurea
1582 3738 1761 3826 Tabern.
1783 3755 1877 3826 Iron.
1999 3821 2009 3838 ,

612 3845 731 3970 33¹9
759 3848 808 3934 δε
834 3846 1016 3962 pluribus
1045 3849 1222 3938 floribus*
1244 3874 1434 3936 ornatos.
1462 3856 1626 3938 Exeunt
1652 3850 1697 3937 hi
1718 3850 1803 3939 bini
1827 3847 1879 3936 δε

611 3953 700 4046 bini
722 3985 780 4044 ex
806 3959 1145 4080 eodemcalyce,
1175 3965 1248 4084 qui
1269 3965 1319 4046 -in
1345 3965 1532 4085 quinque
1555 3983 1689 4075 partes
1711 3963 1880 4060 secantt.

608 4085 786 4188 'quatum
814 4097 919 4171 una,
947 4073 993 4162 dt
1019 4073 1121 4189 saepe
1149 4078 1276 4163 altera
1303 4075 1443 4175 etiam,
1471 4081 1606 4186 major
1633 4074 1720 4174 est,
1748 4075 1878 4164 tribus

607 4176 779 4300 reliquis
807 4188 873 4272 exi
905 4187 991 4286 uis;
1019 4213 1161 4278 omnes
1190 4189 1234 4272 in
1254 4186 1409 4275 ambitu
1436 4212 1490 4272 ex
1508 4182 1637 4272 rubro
1656 4189 1882 4283 coloratae,'

608 4315 759 4411 §utera¹
777 4299 779 4306 '
795 4213 984 4420 uirides,
1027 4296 1167 4418 plores
1207 4323 1343 4418 autem
1378 4295 1667 4416 monopetali,
1703 4321 1890 4498 qupirsum
