4126 5420
77 2989 80 2992 .
207 2930 293 2988 fla·

194 326 464 448 reupersunt
479 325 588 416 succi
608 201 804 458 ,qummi
824 211 1001 427 ,ierne
1023 371 1034 414 ε
1061 357 1242 451 quorum
1265 255 1469 460 colligens

187 444 338 538 dorum
368 443 477 529 ratio
510 471 561 527 ea
583 461 742 556 optima
770 441 932 530 videtur
958 505 969 538 ,
1000 467 1188 562 utquam
1217 452 1470 567 flagrantr'ffi.

187 583 260 644 mo
287 557 380 642 anni
412 553 537 640 srdere
560 576 811 663 carpantur,
840 581 935 640 cum
959 556 1138 666 primum
1157 559 1394 662 lentorem,
1423 566 1469 649 &

185 665 490 755 eonfistenn'am
521 664 698 780 aliquam
724 662 882 753 habent
905 731 913 746 .
941 669 1039 752 Haec
1061 670 1102 750 in
1121 673 1297 784 gratiam
1315 675 1468 762 horum

188 778 451 889 optimorum
481 785 675 889 juvenum
694 775 813 898 dieta·
825 772 919 872 sint,
949 799 1006 872 ut,
1028 805 1123 867 cum
1141 783 1388 872 Medicinam
1412 773 1496 872 fa.'

190 890 295 981 &uri
333 911 490 984 eruut,
516 887 574 971 sui
596 888 721 972 officii
752 885 826 970 esse
850 890 1140 987 meminerint,
1169 922 1293 1007 quam
1315 892 1471 984 leurffi.

190 1027 256 1094 ma
282 1003 575 1088 medicamenta
597 997 791 1086 adhibere
814 1060 826 1096 ,
855 997 901 1082 &
921 1060 933 1094 ,
954 1026 1063 1115 quos
1084 1002 1153 1098 sibi
1172 1003 1374 1099 ministros
1397 1009 1469 1098 ha..

191 1110 395 1214 buctint,
426 1109 480 1198 ad
499 1112 612 1198 testie
634 1110 818 1226 paranda
838 1135 992 1226 cogere
1018 1177 1028 1195 .

329 1341 428 1425 Une
449 1334 503 1422 ad
524 1333 597 1433 id,
626 1334 746 1456 quod
764 1335 942 1421 secundo
961 1331 1061 1420 loco
1084 1333 1352 1436 disserendum
1375 1347 1476 1459 proi

229 1521 230 1524 γ
358 1446 576 1562 postrinrrrs,
596 1445 837 1534 accedamus
853 1509 863 1528 .
878 1451 943 1532 De
964 1472 1049 1561 qua
1072 1452 1244 1565 quidem
1253 1485 1298 1540 re
1308 1449 1474 1544 fortass‘e

197 1560 357 1680 aliquid
378 1561 532 1646 certius
556 1558 676 1643 ess'em
693 1555 900 1681 dicemus,
929 1555 977 1651 st,
1006 1583 1090 1754 epra
1102 1560 1336 1679 diligentia,
1359 1564 1475 1652 labo.

197 1703 268 1771 re,
297 1697 395 1756 cura
419 1667 684 1782 probatissimi
710 1693 772 1750 rer
792 1671 999 1757 Botanicae
1035 1671 1237 1784 criptores
1258 1675 1302 1758 in
1312 1703 1474 1802 cogno-

196 1781 347 1874 scendis
378 1779 561 1894 plantis,
604 1779 862 1896 ipsrrurnque
890 1779 1061 1868 uiribus
1100 1785 1399 1897 perscrutandis
1422 1788 1478 1875 ust

194 1895 310 1988 sunt,
340 1891 487 1980 ecdem
507 1892 569 1978 rei
579 1892 753 1978 Medicae
772 1889 1041 1990 Professbres,
1072 1919 1164 2012 quae
1176 1893 1228 1983 ab
1251 1896 1325 1982 iliis
1339 1899 1475 2018 longis

197 2033 272 2124 pet
326 2002 796 2119 tinctionibusrepepra,
824 2004 894 2092 usu
916 2008 1144 2092 acratione
1155 2007 1398 2096 confirmata
1411 2043 1476 2098 ac·
1522 2007 1526 2012 ⁵

134 2155 136 2160 ¹
202 2119 308 2230 cepis
324 2113 429 2212 ent,
485 2117 639 2229 ropriis
663 2115 948 2228 experimentis
968 2117 1084 2204 iatius
1106 2120 1149 2200 in
1171 2119 1340 2235 vulgum
1363 2139 1479 2236 pate-

201 2259 247 2320 re
274 2225 419 2316 elabor
472 2225 575 2314 ent.
605 2234 879 2342 Quapropter
915 2229 1080 2326 utilite,
1110 2233 1275 2344 Optimi
1306 2237 1481 2320 Audito-

201 2367 299 2437 κο,
325 2340 486 2434 iuuari,
515 2337 642 2426 srnor
663 2341 706 2422 in
733 2337 966 2454 hujusmodi
993 2341 1222 2458 quaestione
1236 2345 1384 2430 omnia
1411 2373 1481 2432 an-

199 2451 318 2568 cipiti
343 2452 492 2538 ωηο
506 2453 552 2536 iu
570 2449 750 2538 medium
773 2451 1056 2558 attulerimus,
1087 2457 1250 2574 quippe
1269 2453 1404 2554 dubia,
1434 2457 1482 2542 &

200 2569 362 2668 incerta
397 2584 487 2650 tum
512 2563 626 2674 apud
653 2568 714 2648 rei
741 2567 952 2651 Botanicae
987 2563 1228 2680 scriptores,
1249 2587 1337 2650 tum
1370 2565 1484 2684 apud

203 2676 397 2769 Medicus
424 2675 592 2788 reperio
617 2698 819 2786 tanquam
842 2676 1035 2762 latuerint
1063 2676 1240 2804 semper,
1269 2674 1392 2792 seque
1422 2682 1482 2764 in-

206 2783 465 2917 quirentibus
494 2783 782 2886 subduxerint,
810 2786 982 2902 posteris
1007 2783 1168 2880 fortasse
1180 2789 1379 2879 reservata
1391 2789 1485 2910 glo·

269 3017 499 3124 Qratuor,
527 3009 570 3090 ni
597 3006 749 3105 failor,
777 3013 1030 3102 recensendae
1051 3017 1142 3104 sunt
1160 3018 1366 3114 rationes,
1395 3015 1487 3136 qui-

209 3123 288 3219 bes
308 3120 505 3214 ,honrem
533 3117 623 3206 sunt
645 3117 720 3218 ufi,
749 3142 796 3205 ut
822 3121 1055 3235 plantarum
1075 3133 1181 3218 vires
1195 3130 1487 3244 explorarent,

213 3231 600 3352 cognoscerentque
623 3271 632 3314 .-
660 3233 795 3318 Prima
814 3237 1006 3350 peruetus
1029 3238 1121 3338 est,
1149 3259 1287 3357 neque
1313 3243 1371 3322 ita
1390 3233 1488 3321 faci·-

213 3343 274 3444 le,
303 3367 374 3436 aut
398 3373 490 3460 quo
512 3368 701 3458 tempore
722 3351 926 3464 coperit,
953 3373 1026 3438 aut
1045 3379 1170 3464 aquo
1190 3353 1255 3433 ori
1291 3353 1401 3434 inem
1411 3369 1490 3434 tra·

213 3459 362 3557 xerit,
392 3457 550 3544 ostendi
571 3457 739 3572 potest.
775 3462 871 3548 Sive
906 3491 929 3547 a
952 3462 1094 3575 primis
1114 3483 1274 3574 parenti
1334 3487 1351 3544 s
1381 3486 1491 3578 quat·

214 3569 317 3665 dam
339 3572 568 3688 plantarum
594 3569 755 3656 scientia
777 3635 788 3670 ,
818 3599 944 3689 quam
965 3605 986 3660 a
1007 3577 1103 3658 Deo
1123 3569 1385 3688 accepissent,
1413 3599 1492 3685 po·

220 3684 334 3772 stetis
364 3683 550 3783 tradite,·
579 3679 660 3770 sive
687 3683 777 3770 casu
807 3686 855 3771 &
882 3683 1054 3776 fortuitu
1076 3709 1204 3782 nata,
1233 3713 1331 3775 cunr
1358 3684 1493 3770 homi·

219 3822 323 3893 nes,
353 3823 423 3888 aut
445 3800 550 3884 inter
575 3795 614 3882 se
639 3796 758 3884 emis
778 3802 1013 3928 congressi,
1040 3818 1113 3884 cut
1133 3827 1156 3883 a
1176 3793 1284 3884 feris'
1299 3795 1494 3916 serpenti-

221 3907 380 4028 busque
405 3911 574 4001 vulnere
584 3905 726 4024 aliquo
739 3905 897 4009 affecti,
924 3907 1495 4028 herbasquasdam'apposue-

220 4027 328 4121 rint,
356 4023 493 4110 modo
518 4020 614 4117 has,
643 4021 774 4110 modo
803 4021 913 4125 illas,
942 4024 1068 4146 usquo
1093 4022 1196 4112 dum
1215 4023 1355 4139 aliqua
1383 4019 1494 4128 adje-

221 4135 317 4238 ua,
341 4138 410 4226 cui
438 4135 676 4257 sanguinem
698 4133 880 4233 sistendi,
909 4167 957 4225 ac
979 4136 1151 4227 vulnera
1175 4135 1341 4221 sanandi
1355 4127 1495 4216 inerat

220 4251 377 4342 virtur-
404 4255 465 4360 Ea
492 4245 803 4364 auttmpostea
821 4271 990 4352 notata,
1016 4243 1183 4450 ecEaliir
1209 4241 1366 4344 osterse
1382 4309 1397 4371 .·
1423 4245 1496 4330 Et·

278 4411 283 4424 ·
1208 4439 1210 4444 r
1324 4381 1436 4452 turm
