4088 5412
659 280 747 354 272
926 229 1541 356 DISSERTAT-lo

586 373 650 458 his
673 355 870 462 uiscerum
886 361 1297 478 praecordiorumque
1317 352 1489 446 infartus
1510 351 1689 456 cellante
1716 353 1878 456 ideoil.

585 482 634 570 lis
655 465 832 570 maxime
857 475 1046 566 salutares
1068 473 1177 586 sunt,
1207 473 1282 591 qui
1301 469 1457 588 morbis
1480 463 1718 584 longisslrnis
1739 479 1875 592 impii.

590 620 768 682 cantur.
796 598 856 675 Ita
887 587 1085 704 peculiari
1115 586 1400 700 experimento
1430 582 1611 667 citirsrme
1642 585 1689 668 iis
1714 585 1874 684 succur-

594 708 629 792 ri
660 725 924 822 compertum
951 701 1169 794 habemus,
1193 695 1349 896 puibus
1379 691 1468 820 bilis
1498 697 1609 782 circa
1629 696 1765 810 hepar
1787 706 1876 798 sub⁴

587 817 683 906 srstit
710 883 722 918 ,
750 838 821 905 aut
848 817 967 901 urina
995 810 1166 905 r‘nucosrs
1210 811 1320 898 uccis
1349 810 1591 922 reprimitur
1621 873 1630 894 .
1668 811 1872 911 bibuntur

621 959 767 1052 uoque
808 924 1009 1014 utilissime
1039 953 1094 1010 ex
1118 922 1269 1038 ¹aliquo
1302 918 1553 1038 liquoreud
1580 921 1732 1011 menses
1763 933 1875 1022 ciens

517 1111 520 1116 Δ
588 959 691 1139 dos,
722 1043 768 1125 &
798 1037 986 1126 adversus
1017 1061 1155 1151 partus
1185 1031 1466 1120 difficultates.
1496 1035 1599 1118 Non
1620 1063 1871 1150 praetereun..

588 1157 690 1240 dum
712 1177 886 1270 quoque
916 1149 1121 1264 estquod
1152 1175 1228 1230 nos
1258 1146 1391 1262 longo
1423 1147 1494 1233 usu
1526 1175 1623 1233 com
1641 1151 1880 1260 probatum,

589 1266 636 1350 &
667 1264 898 1378 praelentius
927 1285 1077 1345 contra
1115 1255 1473 1371 malignas-febres
1506 1285 1729 1359 tenemus,
1768 1298 1867 1356 cum

587 1403 663 1492 per
693 1376 857 1460 affiduas
886 1373 1063 1458 maculas
1093 1371 1243 1458 summa
1273 1373 1377 1456 cutis
1406 1376 1631 1470 variatur,
1675 1396 1743 1460 aut
1770 1409 1867 1472 curn

587 1485 753 1604 pustulis
793 1480 1074 1598 exasperatur,
1104 1479 1423 1604 ulceribusque.
1463 1493 1509 1570 ln
1536 1483 1770 1596 hujusmodi
1797 1495 1870 1578 ita..

588 1628 671 1730 que
700 1596 982 1686 valetudinum
1008 1622 1165 1714 genere
1192 1658 1204 1693 ‚
1234 1593 1282 1679 &
1303 1598 1434 1684 etiam
1461 1598 1504 1681 in
1531 1597 1701 1684 vatiolis
1723 1628 1873 1710 contu-

529 1737 532 1742 ·
587 1721 626 1798 ln
655 1711 795 1792 caltha
824 1709 1041 1821 capitula,
1082 1729 1208 1824 atque
1237 1707 1419 1793 decuito
1442 1714 1659 1824 Aclepiadis
1679 1711 1873 1806 radicum

588 1820 717 1909 diluta
755 1819 934 1916 damus,
975 1821 1141 1940 quoties
1180 1822 1345 1937 aegrotis
1375 1841 1479 1932 potu
1508 1817 1705 1934 opitulari
1735 1853 1868 1940 opor.

588 1954 673 2022 tet.
698 1933 794 2016 Hoc
827 1931 1189 2044 epoto'remedio,
1218 1932 1451 2060 plerunque
1478 1929 1655 2018 salutaris
1683 1930 1867 2054 sequitur

588 2044 723 2138 sudor,
752 2040 819 2132 vel
831 2044 967 2154 liltem
995 2045 1111 2131 urina
1141 2071 1268 2160 quam
1292 2043 1467 2158 plurima
1489 2045 1746 2146 subducitur,
1806 2051 1868 2136 ui.

591 2156 664 2246 bus
697 2153 881 2241 detrasta
910 2159 1082 2242 materia
1109 2221 1120 2256 ,
1152 2161 1327 2271 impetus
1358 2156 1498 2245 morbi
1526 2151 1728 2289 frangitur
1751 2077 1867 2245 ,bx-

589 2292 729 2356 ternus
762 2296 939 2388 quoque
968 2273 1109 2354 caltha
1140 2269 1228 2356 usus
1259 2265 1481 2356 utiliffimus
1512 2275 1796 2382 praedrcatur,
1839 2269 1868 2358 si

582 2375 682 2468 folia
713 2410 808 2467 cum
836 2375 995 2468 sloruru
1032 2382 1233 2500 capitibus
1262 2379 1432 2465 contusa
1449 2383 1690 2476 tumoribus,
1721 2379 1867 2470 ulceri-i

584 2493 738 2610 busque
768 2526 788 2579 a
824 2494 1053 2606 plicentur.
1713 2537 1719 2548 ·

644 2612 749 2713 Quae
776 2519 1001 2723 dquuntur
1030 2605 1169 2688 caltha
1188 2600 1406 2688 'hortenses
1435 2601 1523 2689 sunt
1544 2665 1556 2701 ‚
1576 2631 1685 2730 quas
1710 2605 1865 2692 veteri-

586 2717 660 2804 bus
691 2719 842 2803 Latinis
871 2722 956 2805 hoc
986 2719 1157 2803 nomine
1187 2711 1444 2812 innotuisse,
1487 2743 1580 2813 non¹
1606 2713 1862 2805 inverisimile

586 2828 866 2933 crediderim3
898 2858 1027 2949 quare
1057 2831 1104 2915 &
1133 2827 1234 2914 illud
1263 2827 1430 2946 Virgilii
1462 2829 1505 2913 in
1533 2827 1617 2915 Ecl.
1648 2859 1685 2914 2.

695 2949 834 3027 Mollia
861 2946 1004 3027 luteola
1028 2953 1156 3058 pingit
1174 2952 1345 3025 vaccinia
1374 2943 1543 3040 caltha,
1668 2966 1674 2975 ’

638 3057 690 3136 Et
714 3053 799 3139 hoc
822 3053 1062 3142 Columellae
1085 3049 1205 3176 quod
1226 3052 1270 3134 in
1284 3054 1459 3138 'decimo
1487 3051 1566 3140 suae
1584 3051 1766 3144 historiae
1787 3081 1869 3145 voa

586 3159 741 3250 lumine
766 3167 952 3254 tradidit:

509 3304 512 3310 ·
700 3285 874 3366 Candida
902 3289 1076 3374 teucria,
1104 3279 1151 3374 ἐν
1168 3279 1372 3394 flaventia
1399 3285 1543 3364 lumina
1570 3277 1737 3374 caltha,

584 3393 634 3478 ad
656 3392 729 3477 has
752 3393 959 3480 communi
980 3392 1279 3494 Botanicorum
1299 3391 1494 3480 consensu
1512 3385 1768 3480 referuntur.

639 3505 770 3590 Prima
802 3533 933 3620 porro
953 3504 1043 3591 baec
1062 3505 1214 3591 dicitur

639 3619 688 3699 Il.
717 3621 853 3700 caltha
880 3623 1077 3730 vulgaris,
1096 3622 1205 3728 flore
1230 3621 1379 3731 pallido
1408 3619 1455 3700 C.
1467 3620 1508 3700 B.
1539 3626 1627 3700 Pin.
1655 3647 1746 3730 ²75·
1830 3689 1834 3698 .

581 3729 680 3812 Haec
702 3729 834 3816 multo
856 3726 961 3813 ultra
983 3725 1312 3847 magnitudinem
1334 3725 1506 3816 arvensrs
1529 3727 1708 3814 crescens
1729 3739 1864 3850 maim.
1982 3809 1990 3820 ,

581 3865 629 3922 ra
682 3869 822 3958 uoque
843 3836 1007 3953 profert
1027 3835 1367 3953 capita‚soliolis,
1413 3871 1473 3928 uae
1486 3843 1655 3926 minutis
1678 3843 1862 3934 filamen.

579 3949 632 4034 tis
649 3865 873 4036 subhirsuta
886 3952 999 4048 sunt,
1029 3951 1184 4037 cinsta.
1211 3953 1285 4036 His
1295 3867 1548 4042 semibosculi
1561 3959 1742 4088 proxipri
1752 3959 1867 4056 sunt,¹

579 4061 703 4176 positi
724 4066 767 4147 in
791 4093 973 4161 corona,
1002 4065 1134 4184 figura
1159 4063 1372 4182 lingulati,
1403 4064 1547 4158 luteoli
1575 4071 1863 4156 cumnlarnen-

582 4195 630 4255 to
653 4209 674 4260 a
695 4177 843 4265 semine
875 4178 1073 4266 subeunte
1096 4176 1211 4266 luteo
1231 4241 1244 4276 ‚
1282 4179 1330 4266 &
1354 4180 1523 4270 bifidato
1546 4246 1555 4263 .
1595 4185 1756 4269 Horum
1777 4205 1866 4268 em<

578 4279 762 4402 bryones
786 4291 976 4384 crescunt
1003 4295 1047 4380 in
1068 4291 1248 4394 fruetus,
1275 4291 1416 4416 quales
1437 4299 1483 4382 in
1500 4298 1666 4408 arvnfi,
1687 4293 1760 4426 ‘sed
1781 4319 1869 4396 ma<

1682 4431 1820 4520 lom:
