4126 5420
652 281 752 384 ·η6
887 255 1591 376 olssERTArlo

599 390 789 506 imperita
816 382 984 502 ingenia
1011 375 1173 468 allicere
1202 442 1215 477 ,
1255 380 1516 466 retenturum
1543 377 1767 498 quousque
1793 397 1881 476 mea

598 505 747 592 liorem
770 495 917 610 adepta
930 505 1110 580 mentem
1122 487 1373 605 refipiscant'.
1401 488 1482 575 Alii
1510 517 1616 580 vero
1646 519 1737 579 non
1761 495 1883 592 inuti.

593 611 683 702 lem
710 613 886 701 omnino
919 602 995 693 ess'e
1023 603 1496 699 Botanicarndistitant,
1526 601 1815 699 sturmium
1837 615 1885 708 dt

595 727 677 820 alia
704 729 771 818 via
800 753 847 810 ac
877 720 1044 806 tatione
1084 740 1328 807 exerceatur
1357 747 1371 823 3
1411 713 1482 804 fibi
1523 713 1611 832 hoc
1642 720 1883 814 ostensionis

632 867 730 928 enus
760 835 974 949 displicere
1004 894 1016 928 ‚
1061 855 1159 918 cum
1186 829 1388 951 negledlis
1417 825 1652 946 plantarum
1676 828 1883 926 facultati-

598 869 718 1049 ξω,
755 968 878 1034 tanto
911 941 1046 1032 studio
1090 963 1290 1061 tantaque
1326 939 1541 1064 diligentia
1579 942 1885 1042 noscendarunr

602 1064 787 1181 stirpium
814 1054 925 1179 signa
954 1052 1282 1152 conseunnur,
1322 1080 1455 1172 que,
1495 1081 1592 1144 cum
1617 1057 1660 1142 in
1688 1063 1881 1152 omnibus

593 1203 684 1266 non
706 1171 877 1298 reperiri
907 1189 1068 1254 certum
1087 1162 1152 1264 fit,
1196 1166 1244 1254 &
1262 1169 1309 1257 in
1327 1165 1416 1282 ipsss
1449 1169 1750 1296 congeneribus
1772 1174 1877 1290 saepe

596 1283 794 1380 diffimilta
818 1301 1060 1376 occurrant,
1080 1305 1227 1366 manea
1248 1275 1473 1368 &fallacia
1494 1285 1571 1374 elle
1591 1305 1782 1396 apparet:
1806 1315 1877 1376 ne.

596 1426 683 1517 que
703 1401 814 1484 enim
838 1415 908 1490 aut
927 1389 1046 1478 floris
1069 1386 1205 1480 forma
1240 1392 1287 1477 dc
1308 1391 1426 1510 ipsius
1449 1397 1652 1509 genericis
1672 1397 1880 1510 partibus-,-

597 1533 668 1598 aut
690 1505 844 1600 studius
861 1505 1002 1624 ligura
1022 1507 1220 1602 occurri,
1253 1503 1281 1590 fi
1312 1504 1565 1595 ventriculus
1588 1510 1793 1598 cruditate
1821 1510 1878 1598 la-

596 1623 741 1728 borat,
762 1621 789 1706 st
812 1621 968 1712 arteriae
988 1617 1047 1713 ob
1066 1613 1253 1710 febrilem
1271 1619 1480 1707 materiam
1513 1618 1698 1708 crebrius
1719 1624 1878 1714 avitani

592 1755 686 1836 tur,
705 1733 733 1830 st
753 1733 867 1830 alvus
894 1730 1053 1851 liquata
1082 1749 1274 1819 exerceat
1292 1749 1473 1849 egrotos
1493 1765 1509 1834 ,·
1529 1731 1596 1850 sed
1614 1693 1806 1820 remediis
1828 1736 1878 1824 dc

589 1846 931 1964 ·medicinis,quae
944 1871 999 1929 ex
1019 1839 1169 1960 plantis
1194 1865 1345 1968 magna
1364 1863 1416 1930 ert
1441 1864 1557 1958 parte
1578 1843 1875 1948 conficiuntur,

594 1959 684 2045 haec
716 1959 762 2045 &
788 1959 863 2044 alia
892 1954 998 2043 mala
1036 1954 1287 2070 propulsant
1313 1955 1401 2072 hoc
1431 1974 1566 2044 autern
1595 1954 1749 2074 negligi
1769 1958 1876 2048 scitu

595 2095 683 2158 tam
703 2068 1007 2173 necess'ariu1n3
1038 2068 1081 2154 id
1103 2072 1224 2190 quod
1244 2089 1430 2182 vanum',
1460 2089 1580 2155 tanto
1600 2067 1733 2158 studio
1756 2065 1877 2156 fove.

595 2185 657 2282 ri:
687 2182 723 2278 se
745 2181 885 2303 itaque
907 2180 994 2268 hoc
1016 2184 1234 2270 Botanices
1253 2203 1497 2301 genus'non
1518 2180 1698 2295 probare
1719 2185 1875 2284 3Bota-

594 2298 753 2395 nicam,
773 2293 800 2383 st
821 2295 933 2384 redte
955 2290 1208 2393 instituatur,
1230 2313 1321 2384 non
1342 2287 1472 2382 solum
1494 2293 1697 2410 probare,
1710 2293 1786 2384 *sed
1809 2315 1873 2388 ete

592 2411 678 2497 iarn
696 2403 854 2528 magnis
874 2403 1060 2500 laudibus
1081 2401 1515 2521 illumprosecuturos‚
1538 2408 1612 2524 qui
1631 2435 1721 2496 earn
1743 2401 1871 2498 telem·

592 2515 717 2618 fuerit
737 2515 979 2610 consecutus
1003 2583 1014 2613 ,.
1044 2519 1207 2608 Contra
1227 2545 1336 2638 quos
1357 2545 1489 2638 pauca
1508 2517 1688 2608 dicenda
1703 2517 1841 2606 habeo
1857 2555 1881 2620 ,-

591 2657 689 2718 narn
709 2629 791 2718 alio
815 2630 918 2719 loco
936 2631 1016 2724 istis
1037 2634 1292 2724 occurrimus
1314 2634 1358 2718 in
1379 2647 1437 2717 eo
1456 2627 1598 2724 libello
1622 2695 1633 2730 ,
1654 2655 1780 2745 quern
1793 2656 1873 2716 en..

589 2767 636 2832 te
665 2745 868 2832 hosduos
893 2765 1024 2831 annos
1055 2742 1284 2837 emisimus.
1317 2751 1594 2859 Quapropter
1622 2742 1870 2832 hodiernam

589 2856 914 2948 dill'ertationern
934 2851 1365 2947 bifariamdistribuam
1373 2894 1389 2958 ,·
1400 2858 1580 2972 primurn
1600 2857 1711 2947 enim
1729 2856 1869 2978 meg&

592 2973 883 3070 Botanicatum
905 2995 1046 3068 rerum
1064 2969 1240 3060 studium
1260 2995 1412 3058 contra
1431 2968 1602 3064 istorum
1619 2967 1870 3060 malevolem

590 3083 694 3176 tiam
719 3082 913 3208 purgabo
922 3115 940 3184 ;
960 3083 1109 3176 deinde
1129 3080 1356 3172 institutum
1375 3107 1484 3197 opus
1504 3084 1768 3198 aggrediens,
1787 3077 1872 3172 flo.

587 3191 684 3293 sculi
713 3194 885 3321 proprie
921 3193 1023 3288 disti
1049 3203 1202 3312 genera
1224 3193 1269 3276 in
1288 3214 1371 3284 tres
1396 3215 1532 3310 partes
1545 3191 1759 3284 distributa
1780 3194 1875 3289 hoc

590 3305 738 3392 ordine
759 3305 1024 3421 pertractabo
1047 3332 1058 3402 ;
1085 3309 1264 3420 primum
1296 3335 1388 3428 quae
1419 3303 1577 3394 nudum
1605 3303 1741 3394 semen
1760 3304 1873 3400 inter

588 3417 755 3507 thalami
782 3417 896 3510 villos
931 3419 1173 3535 producunt
1205 3417 1324 3526 ,urle
1354 3416 1600 3504 cathamum
1618 3415 1675 3506 est
1698 3479 1710 3518 ,
1731 3415 1869 3510 osten}

587 3533 709 3637 dam3
735 3533 886 3619 deinde
909 3561 968 3632 ea,
1026 3445 1364 3648 uorumfilralami
1384 3530 1485 3620 nudi
1512 3530 1660 3622 semina
1680 3549 1868 3647 pappum

585 3639 757 3733 ferentia
777 3641 926 3734 fovent
950 3677 968 3750 ;
993 3559 1089 3734 iunt
1108 3672 1246 3740 autem
1267 3658 1449 3743 Senecio,
1476 3648 1656 3760 Conyztr,
1687 3643 1866 3751 Catella}

586 3757 794 3870 Perafytes,
815 3754 1075 3873 Elicbryſscm‚
1095 3766 1228 3872 filago
1247 3817 1258 3853 ‚
1280 3768 1523 3878 Eupatorium
1541 3795 1556 3856 ,·
1576 3757 1786 3872 postremo
1806 3759 1865 3864 de

588 3871 750 3954 carlina
771 3869 1038 3988 agarnsemen
1060 3870 1333 3984 cumpappis‚
1357 3868 1582 3958 thalamum
1603 3871 1865 3989 autemsquat

586 3999 745 4066 matum
815 3985 1015 4098 ignente.
1045 3989 1093 4068 ln
1124 4003 1213 4111 quo
1246 3978 1441 4099 profeolo
1473 4007 1658 4098 genere.
1694 4004 1864 4098 uantum

585 4095 629 4176 T
630 4109 761 4182 oorne
778 4096 908 4182 ortius
940 4096 988 4184 &
1016 4119 1150 4182 caeteri
1171 4097 1359 4185 Botanici
1391 4125 1417 4182 a·
1450 4097 1626 4186 veritate
1646 4011 1865 4188 elatave:

582 4204 688 4303 rint,
700 4205 859 4319 planius
880 4213 1083 4328 aperiam.
1107 4213 1205 4298 Haec
1215 4233 1363 4307 autem,
1374 4209 1609 4308 Auditores,
1632 4198 1863 4328 quaesoob'ss

580 4317 795 4438 testorque
820 4381 834 4422 ,
864 4345 913 4411 ut
934 4322 1155 4439 diligenter
1182 4323 1503 4438 humaniterque
1534 4323 1774 4426 attendatis,
1797 4334 1866 4444 Q

1696 4461 1808 4562 nuos
