4126 5420
666 257 725 344 86
921 233 1539 340 DISSERTATIO

599 346 824 469 trahuntur
841 351 1034 444 deorsum
1052 389 1068 454 ,-
1096 377 1227 450 tunc,
1254 350 1441 438 thalamo
1462 351 1506 434 in
1525 349 1762 466 sphaericam
1779 352 1898 546 sot}

598 507 710 569 mam
731 471 979 590 producto,
1014 467 1310 582 expandunmr
1330 464 1510 559 senuna,
1538 466 1754 586 quousque
1773 497 1857 562 ven

598 618 647 680 to
676 591 929 703 rapiuntur,
954 580 1002 670 &.
1029 577 1309 668 seminantur.
1334 575 1524 662 Nascitur
1544 574 1661 668 nullo
1689 600 1878 700 cogente

601 708 646 790 in
674 699 807 796 areis,
835 699 878 782 in
897 691 1063 789 hortis,
1090 692 1200 778 secus
1223 691 1310 780 vias
1333 717 1348 792 3
1379 715 1508 807 quem
1554 693 1678 795 (non
1697 689 1878 786 inverisi-

596 812 710 904 milia
737 803 1047 921 conjefflndo)
1079 803 1264 1002 sphaeram
1278 806 1364 892 ‘alas
1392 824 1582 924 ueterum
1602 800 1679 892 ess‘e
1699 817 1875 900 contem

600 930 706 1016 dunt
723 915 913 1008 nonnulli
945 945 959 1019 3
989 918 1092 1037 siqui
1124 942 1190 1003 em
1216 915 1413 1005 traditum
1445 912 1504 1004 est
1532 976 1546 1015 ,
1571 950 1739 1034 amaram
1770 920 1840 1038 effa
1855 933 1878 1026 ,⁵

598 1051 703 1126 inter
730 1043 896 1124 acetaria
933 1033 1033 1123 edi,
1069 1055 1252 1146 praterea
1277 1053 1356 1116 roro.
1378 1031 1473 1142 fere.
1502 1062 1594 1118 arana
1609 1032 1753 1145 florere
1770 1039 1879 1151 flare

599 1157 732 1238 caduca
752 1210 779 1247 ‚.
793 1176 880 1228 max
909 1151 950 1226 in
967 1164 1098 1255 pappos
1115 1141 1275 1226 abeunte
1293 1143 1413 1254 foliis
1432 1141 1605 1232 cichorio
1626 1157 1844 1260 proximam·
1859 1207 1877 1238 .

600 1271 708 1371 Quae
735 1254 931 1376 profesio
960 1253 1102 1338 omnia
1128 1253 1173 1338 in
1183 1251 1270 1339 hoe
1291 1257 1536 1340 Damascenis
1553 1279 1778 1384 apparente
1793 1285 1876 1348 ne«

600 1397 684 1492 que
712 1374 800 1462 usus
823 1365 970 1466 abest3
1004 1359 1112 1451 estur
1130 1363 1240 1448 niun
1267 1365 1405 1454 vernis
1434 1367 1690 1481 temporibus
1717 1359 1879 1502 uulgus
1964 1457 1974 1465 ,

598 1484 899 1578 amaritudine,
926 1503 1011 1595 quo
1040 1474 1129 1564 haec
1147 1474 1281 1563 herba
1297 1476 1491 1596 infignis,
1517 1503 1597 1590 per
1621 1503 1877 1573 iuncorum.

598 1597 698 1688 nem
728 1601 896 1709 dempta
924 1653 933 1675 .
959 1596 1056 1674 Nos
1079 1610 1218 1676 tamen
1244 1588 1342 1678 haec
1362 1597 1418 1677 ira
1448 1591 1675 1703 ponimus,
1705 1621 1903 1692 omnem

600 1713 618 1818 (
648 1705 1014 1828 quantulacunque
1041 1701 1103 1789 est
1128 1697 1258 1788 nostri
1293 1697 1437 1810 judicii
1464 1699 1656 1816 summa)
1686 1707 1884 1823 dsenfiffi·

599 1849 696 1910 nem
722 1819 984 1932 cohibentes·
1054 1917 1064 1942 ⁶
1106 1824 1122 1898 f
1385 1887 1389 1896 ,
1566 1922 1570 1930 ,
1660 1873 1668 1896 ·.

655 1939 861 2042 Gaererum
888 1927 974 2016 hoe
1002 1925 1186 2017 atler'ere.
1200 1951 1290 2014 non
1312 1917 1515 2016 dubitabo
1543 1983 1555 2025 ,
1594 1925 1876 2040 celebriorem

598 2045 711 2160 usum
722 2039 838 2165 apud
861 2045 1053 2130 Modicus
1073 2029 1652 2156 posterioresobtinull‘ehanc'
1663 2039 1872 2158 plarstamp

599 2159 729 2248 vime
776 2185 793 2244 s
821 2155 956 2242 labbeo
977 2156 1132 2254 succo,
1162 2155 1237 2272 qui
1260 2147 1535 2272 peculiaribus
1555 2145 1876 2248 utriculis-uolua

599 2271 634 2356 ri
684 2189 894 2382 uillirsdarn
929 2265 1127 2396 glandulis
1149 2265 1356 2382 separatur
1378 2259 1539 2374 ,inesse
1560 2319 1579 2360 e
1602 2291 1693 2462 quo
1715 2267 1806 2359 sane
1825 2271 1871 2360 be

598 2299 814 2470 utillimam
832 2373 1327 2483 medicamentosumest.
1355 2376 1434 2461 Hic
1457 2402 1589 2489 porro
1627 2381 1875 2472 uccusmul-

598 2515 689 2582 tum
708 2491 906 2610 sulphuris
929 2488 1272 2607 continetaqueis
1323 2485 1738 2590 artibusimmixttum
1765 2521 1867 2610 με.

599 2605 716 2695 screa
740 2605 833 2695 sales
854 2601 1040 2700 volatiles
1062 2665 1076 2702 ,
1098 2604 1152 2692 .&
1180 2603 1270 2717 poti
1313 2621 1427 2720 mum
1447 2601 1748 2702 arumouia'cos,
1775 2610 1868 2725 qui-

601 2717 675 2808 bus
695 2747 875 2844 papyrus
897 2713 1243 2808 commaculatur.
1271 2715 1337 2802 Ad
1354 2708 1483 2802 multa
1503 2729 1644 2806 autem
1661 2738 1870 2808 commem

598 2831 741 2934 dant,
784 2836 852 2926 sed
883 2831 1071 2924 adversus
1100 2827 1274 2919 vulnera
1333 2825 1632 2918 raestantiffimus
1662 2827 1867 2931 habeor,

599 2945 646 3032 ὃς
682 2948 896 3062 aperiendi
924 2940 1250 3072 discutiendique
1280 2853 1476 3032 scultare
1506 2945 1685 3032 maxime
1726 2943 1873 3034 utilis.¹

600 3064 727 3173 sape·
748 3061 793 3144 in
810 3056 909 3144 meis
941 3082 1039 3173 pere
1071 3055 1343 3142 rinauonibus
1373 3053 1512 3144 evenit
1533 3115 1545 3154 ,
1572 3079 1619 3142 ut
1637 3055 1768 3148 herba
1787 3057 1872 3146 hae

600 3193 656 3256 ex
683 3198 792 3286 aqua
820 3168 943 3282 coita
974 3169 1028 3257 ad
1039 3083 1209 3265 iebres,
1237 3167 1289 3256 ad
1307 3165 1460 3256 maltam
1488 3165 1705 3270 habitum,
1732 3170 1787 3259 ad
1802 3197 1873 3256 roa

598 3309 809 3372 morantes
838 3279 1049 3404 virginum
1076 3279 1227 3368 menses
1255 3279 1481 3369 commode
1509 3278 1581 3368 sun
1611 3279 1728 3372 usus.
1757 3287 1873 3399 Qru'

601 3392 771 3514 quidem
793 3385 898 3486 mala
920 3397 971 3482 δι.
989 3419 1043 3482 ex
1062 3395 1202 3484 radice
1224 3415 1368 3511 parata
1388 3390 1540 3511 ptisana
1563 3395 1656 3483 tolli
1671 3398 1869 3486 authores

597 3512 768 3598 tradunt
788 3535 800 3614 3
829 3510 935 3632 quin
964 3533 1013 3596 ea·
1041 3533 1176 3625 pota,
1204 3509 1385 3598 multam·
1408 3504 1568 3596 urinam
1591 3505 1872 3626 sapenmnero

596 3620 774 3708 secutam
790 3679 805 3721 „
827 3645 925 3710 cum
945 3645 1065 3714 antea
1084 3621 1281 3710 transuria
1302 3619 1547 3710 laborassent
1567 3627 1740 3741 aegroti,
1765 3647 1865 3710 eon«

595 3729 760 3819 firmant
778 3735 1037 3824 „sontiates
1061 3736 1162 3833 hos,
1183 3729 1258 3850 qui
1281 3734 1332 3820 od
1352 3735 1529 3822 internas
1551 3739 1685 3849 partes
1710 3733 1867 3820 inflam-

594 3848 780 3931 matione
809 3871 1022 3963 correptas
1053 3870 1234 3970 aquam,
1266 3873 1393 3964 quam
1408 3852 1652 3966 stillaturam
1671 3869 1867 3946 vorant„

593 3953 817 4042 adhibeant
846 3982 857 4044 t
898 3989 991 4078 quae
1020 3949 1110 4046 sane
1137 3964 1199 4052 vis
1228 3961 1359 4081 longe
1417 3961 1641 4050 rastarrtior
1671 3959 1751 4050 erit
1776 3955 1866 4047 fite«

594 4097 692 4174 co„
732 4095 821 4186 quo
850 4069 912 4158 alii
944 4097 998 4158 ex
1024 4073 1129 4162 saue
1161 4077 1348 4164 Vaccino
1373 3989 1605 4200 llrbigemer
1637 4136 1649 4172 ,
1687 4069 1775 4160 ruffi
1813 4068 1864 4158 &

591 4179 877 4271 rheumatismo
905 4180 1164 4277 medicantur
1186 4247 1196 4272 .
1225 4193 1351 4303 Rajus
1381 4213 1468 4307 quo
1505 4215 1557 4275 ue
1581 4247 1597 4296 2
1622 4186 1669 4274 bt
1686 4181 1870 4271 Parltin-¹

588 4289 708 4385 sonus
735 4298 797 4380 rei
819 4301 1029 4392 Botanicae
1056 4302 1278 4416 peritiffimi
1303 4215 1871 4490 maguisllaudibturpmisn

660 4453 686 4480 -.
911 4443 921 4457 r
990 4444 1014 4492 ·.
1744 4434 1801 4490 ea-
