4144 5412
668 243 1876 382 130‚>1NTH0L2061AE‘.‚‚‚

597 393 709 482 niam
728 385 772 474 itt
794 383 1021 495 ceroersalis
1043 373 1267 468 nonnullos
1279 375 1564 470 semiflosculos
1588 378 1878 504 notavi,quo.

597 530 690 596 rum
716 491 870 588 fructus
898 504 982 609 jam
1011 489 1184 606 perfcdti
1212 491 1457 580 evaserant.
1489 494 1587 576 Hoc
1629 514 1769 581 autem
1797 497 1878 582 cla.⁴

598 616 682 708 rius
711 628 885 730 apparet
912 610 956 696 in
981 603 1156 693 flosculis
1185 602 1381 693 sterilibus
1415 603 1496 690 ein
1521 602 1878 715 cbryfhnehemoide

596 751 662 814 ex.
688 747 751 839 gr.
779 723 988 834 Africano,
1017 723 1166 833 Populi·
1177 717 1267 804 albe
1284 719 1400 830 foliis
1426 719 1506 800 Au.
1534 716 1584 803 R.
1603 731 1660 802 Se.
1686 734 1750 802 Ac.
1780 733 1875 807 Par.

602 865 713 945 1705
748 830 903 920 flosculi
928 832 974 918 in
1001 827 1114 917 disco
1141 824 1291 918 steriles
1320 825 1430 923 sunt,
1452 827 1642 948 quamvis
1666 827 1788 931 tuba,
1805 832 1881 918 sta-

595 950 732 1038 minea
759 944 929 1060 vagina,
959 936 1176 1056 &petalo
1206 937 1391 1031 instruet
1417 935 1527 1035 seut,
1557 937 1707 1030 &suo
1737 940 1880 1030 infide.

595 1079 673 1143 ant
699 1053 918 1179 embryoni
941 1116 951 1142 ,
978 1055 1067 1144 Cur
1094 1051 1205 1142 enim
1230 1051 1386 1138 horum
1401 1049 1658 1170 'embryoncs
1688 1077 1778 1138 non
1806 1082 1877 1141 ex-

597 1167 828 1285 plicantur,
857 1191 947 1250 non
973 1163 1178 1260 crescunt,
1207 1189 1298 1248 non
1357 1157 1498 1248 erfecti
1527 1160 1877 1270 evadunttAdest

597 1277 725 1376 tuba,
764 1271 904 1370 adsunt
930 1276 1096 1388 apicum
1123 1185 1365 1400 corpuscufa
1393 1273 1585 1398 interiori
1613 1276 1774 1392 vaginae
1801 1271 1877 1361 sta·

599 1392 743 1482 mineae
773 1390 880 1506 parti
909 1389 1050 1478 affixa.
1078 1389 1238 1474 Contra
1265 1383 1513 1476 semtfloscuh
1542 1387 1586 1472 in
1615 1413 1776 1473 corona
1801 1411 1878 1498 po-

600 1499 661 1594 siti
689 1505 853 1614 apicum
881 1494 1127 1619 corpusculis
1160 1497 1339 1591 destituti
1371 1503 1387 1604 (
1417 1497 1697 1614 nequeenim
1726 1521 1879 1610 corpu·

600 1609 709 1704 scula
745 1608 812 1700 illa
849 1608 1109 1706 flosculorum
1136 1613 1296 1738 vagina
1333 1612 1440 1698 intus
1469 1607 1589 1695 affixa
1609 1609 1680 1695 ad
1708 1609 1879 1696 semitio-

600 1720 850 1818 sentosarum
878 1722 992 1813 tubas
1019 1749 1093 1812 cur
1115 1721 1368 1818 deferantur,
1398 1717 1515 1810 causa
1543 1740 1742 1836 apparet5
1773 1721 1881 1840 quin

600 1839 658 1928 itu
686 1832 892 1931 collocate
918 1833 1027 1931 sunt,
1056 1860 1108 1921 nc
1136 1837 1190 1926 ad
1216 1833 1313 1925 illos'
1337 1829 1540 1924 transcant
1569 1828 1756 1949 )fru&ur
1781 1856 1880 1942 pro-

600 1945 780 2040 ducunt.
812 1949 939 2060 Igitur
966 1975 1056 2037 non
1086 1948 1266 2064 apicibus
1294 1944 1585 2036 foecundantur
1613 1943 1874 2060 embryones,

599 2058 802 2172 quoniam
828 2063 951 2147 flores
979 2063 1055 2187 qui
1081 2062 1217 2175 apices
1246 2057 1405 2157 ferunt,
1432 2051 1592 2164 steriles¹
1613 2061 1774 2168 jacent,
1799 2050 1875 2170 qui

594 2197 702 2280 ¹uero
731 2169 914 2295 apicibus
942 2194 1182 2292 privantur,
1208 2173 1483 2264 maturitatem
1511 2161 1689 2255 habeut.

989 2437 1298 2564 cupere
1363 2431 1541 2554 xuu'
1651 2407 1653 2416 ’

660 2738 666 2752 ‘
692 2713 754 2789 De
780 2699 926 2786 etentes
952 2723 1109 2808 querum
1135 2687 1217 2783 alie
1245 2705 1287 2784 in
1313 2665 1442 2784 eedem
1464 2725 1605 2811 genere
1629 2695 1778 2804 (teretes

928 2809 1048 2929 stent,
1074 2812 1156 2894 elie
1173 2810 1351 2927 feudum
1368 2809 1533 2926 ferrent.

730 3049 832 3164 Une
860 3047 912 3136 ad
939 3044 1049 3136 illam
1077 3044 1310 3161 questionis
1337 3069 1498 3163 partem
1525 3067 1775 3164 perventum
1801 3043 1883 3151 est,

471 3249 475 3258 ,
758 3156 802 3241 in
829 3181 913 3274 que
939 3153 1180 3268 disceptatio
1209 3159 1267 3249 est
1293 3163 1489 3252 acerrima
1517 3188 1530 3264 3
1556 3185 1651 3245 nam
1678 3185 1767 3278 quo
1794 3187 1882 3247 ma-

598 3274 662 3396 gis
689 3289 755 3356 res
784 3263 992 3359 intelle&
1021 3266 1215 3372 difficilis,
1244 3269 1293 3359 &
1319 3301 1344 3356 a
1372 3270 1528 3388 legibus
1556 3294 1713 3360 nature
1743 3267 1881 3360 aliena

598 3379 685 3476 visa
712 3373 792 3473 est.
821 3406 875 3468 eo
895 3376 1114 3502 intendore
1143 3381 1186 3474 vi
1213 3386 1352 3472 conati
1380 3382 1491 3479 sunt,
1518 3403 1566 3470 ut
1594 3408 1722 3502 quam
1747 3386 1880 3472 maxi-

598 3522 666 3592 me
693 3488 780 3585 fieri
809 3489 960 3606 postet,
979 3495 1054 3584 ¹res'
1079 3491 1202 3607 plana
1230 3493 1277 3584 δε
1304 3527 1326 3587 a
1359 3517 1443 3584 crta
1465 3492 1726 3586 redderetur.
1748 3493 1878 3586 Vide·-

599 3602 701 3696 bant
727 3602 837 3696 ctrina
875 3603 918 3686 in
944 3602 1190 3696 hoctotatn
1218 3521 1452 3727 quaedionis
1492 3604 1649 3698 causam
1685 3608 1796 3698 fitam
1822 3607 1878 3696 es-

598 3717 659 3828 se,
690 3716 739 3805 &
764 3716 811 3805 ite
836 3712 924 3801 hoc
951 3741 1040 3807 uno
1052 3719 1142 3839 agi,
1171 3739 1239 3816 ut,
1266 3717 1384 3840 siquo
1414 3719 1537 3836 padio
1557 3716 1777 3810 verisimilis
1804 3717 1877 3807 alr·-
1963 3727 1972 3742 '

598 3854 684 3948 qua
706 3821 927 3920 afferretur
965 3828 1106 3928 tatio,
1147 3855 1231 3952 qua
1269 3861 1293 3920 a
1332 3827 1481 3954 plantis
1522 3833 1761 3946 lonoinquis
1790 3833 1878 3948 api-

467 4047 470 4054 ,
597 3967 696 4032 eum
732 3933 973 4052 corpuscula
1002 3943 1140 4058 excipi
1166 3939 1475 4064 explicaretur,
1514 3899 1625 4033 nihi?
1642 3943 1744 4042 fibi,
1783 3969 1874 4072 quo

596 4053 733 4143 miuus
761 4049 874 4140 suam
900 4048 1140 4150 sententiam
1177 4059 1219 4147 in
1247 4057 1437 4148 omnibus
1466 4055 1655 4174 stirpibus
1681 4057 1879 4148 *constitu-

597 4186 682 4291 tatn
710 4183 839 4284 atque
866 4163 1153 4257 confirmatam
1178 4166 1402 4266 haberent,
1431 4169 1715 4283 peragendum
1741 4166 1878 4286 super..

594 4277 692 4400 edet
709 4335 731 4395 ς.
762 4278 893 4390 Quod
920 4305 1014 4374 tutu
1040 4281 1192 4372 infiniti
1217 4280 1265 4370 stt
1292 4281 1470 4384 laboris,
1500 4278 1548 4370 &
1573 4279 1691 4376 latiur
1719 4301 1878 4374 naturae

1663 4413 1818 4516 poten*
