4120 5414
633 293 725 380 204
862 249 1548 373 DISSERTATIO

569 391 727 472 intem
753 380 936 470 nostram
956 374 1255 466 diffunderetur
1281 435 1293 470 ,
1330 375 1505 461 curavi.
1533 377 1682 490 Qare
1712 372 1847 496 agite,

565 501 826 590 Auditores,
866 517 913 578 ut
939 517 1105 577 mecum
1132 513 1263 605 genus
1292 485 1377 569 hoc
1405 485 1631 602 diligenter
1659 515 1845 578 contem.

566 609 762 723 plunimi,
802 604 1000 726 quoniam
1033 604 1088 686 de
1117 598 1296 686 nominis
1326 598 1489 682 ratione
1518 595 1608 681 satis
1637 622 1849 698 narratum

567 720 646 808 cst.

623 833 824 944 Loncifium
851 839 979 944 imque
1000 858 1120 941 genus
1146 859 1166 912 e
1194 861 1214 913 e
1241 829 1455 922 tradimus,
1483 829 1583 942 quod
1597 823 1717 938 flores
1730 830 1844 940 fimi·

557 947 775 1060 flosculosos
795 955 837 1026 in
860 972 1027 1024 coronam
1042 1001 1054 1036 ,
1070 945 1136 1054 flo
1154 941 1288 1049 culosos
1309 950 1459 1054 proprie
1488 943 1607 1024 dictos
1634 950 1676 1021 ist
1694 946 1839 1056 discum

568 1063 739 1166 colligit,
765 1059 865 1139 nudo
882 1061 1005 1157 affixos
1023 1052 1216 1148 thalamo,
1244 1051 1484 1163 squamisque
1507 1053 1752 1166 capitulorum
1781 1063 1841 1137 iou

567 1166 766 1278 equalibus
791 1164 1027 1278 circumsepit
1047 1191 1062 1263 3
1082 1163 1232 1272 stmino
1268 1189 1394 1244 autem
1422 1167 1472 1247 de
1500 1167 1627 1246 medio
1655 1163 1700 1256 ό·
1715 1167 1829 1280 fispe..

570 1288 670 1361 tiore
691 1281 813 1390 floris
832 1300 943 1393 porte
964 1283 1098 1467 μ’ἵιέι
1123 1279 1246 1359 nudo.

622 1387 786 1498 Lanciste
814 1390 976 1473 unicam
1042 1383 1205 1472 abemus
1234 1382 1445 1500 speciem,
1497 1386 1541 1470 in
1578 1383 1660 1472 hac
1698 1385 1839 1474 areola

567 1498 835 1596 collocatam,
862 1523 988 1614 quarn
1007 1497 1059 1582 ad
1086 1495 1199 1583 hunc
1225 1498 1398 1584 modum
1414 1497 1560 1618 generi
1585 1499 1836 1588 accomoda.

566 1637 676 1700 mus.

680 1723 841 1818 Loncilo‘o
869 1724 1072 1835 Africano,
1102 1749 1264 1837 repens,
1292 1729 1468 1839 corumpi
1482 1725 1585 1836 folio
1614 1785 1626 1820 ,
1653 1727 1833 1842 fimrflm

666 1841 789 1952 sculis
813 1834 1029 1917 tabularis.
1066 1842 1185 1921 Bellis
1211 1867 1365 1934 annuo,
1393 1837 1549 1950 capitulo
1578 1835 1744 1951 opbyllo,
1772 1845 1834 1920 lu-

679 1975 761 2046 tco,
792 1951 972 2061 Coronopi
987 1935 1126 2057 folio,
1155 1951 1350 2031 cauliculis
1370 1946 1690 2064 procumbentibus
1715 1953 1767 2032 H.
1790 1951 1838 2033 L,

678 2079 761 2145 Bao.
788 2060 876 2148 Rai.
904 2060 1024 2172 Suppl.
1048 2085 1138 2142 220.
1166 2063 1286 2142 Bellis
1303 2064 1507 2171 Africano,
1530 2063 1705 2172 Coronopi
1714 2063 1840 2174 folio,¹

667 2177 777 2288 flore
817 2175 916 2255 nudo
954 2163 1070 2252 Ciassl
1108 2169 1442 2285 cbryfiutbemum
1468 2181 1737 2286 Tingitanum,
1765 2181 1838 2257 mi-

673 2296 848 2378 nimum,
881 2278 1140 2398 procumbens,
1160 2287 1277 2395 foliis
1305 2284 1441 2393 vcrfios
1482 2289 1836 2378 immorareris,
1921 2375 1925 2391 ¹

668 2397 840 2509 flosculo
867 2400 986 2488 nudo,
1016 2423 1149 2480 cernuo
1177 2391 1314 2477 Moris.
1352 2401 1470 2479 Bellis
1495 2401 1599 2479 luteo
1610 2399 1695 2504 five
1720 2398 1838 2505 Chry-

666 2507 911 2618 fintbemum
937 2511 1085 2618 Cupitis
1110 2506 1205 2590 bono
1227 2506 1342 2620 spei,
1380 2533 1527 2622 repens,
1549 2509 1659 2620 flore
1687 2505 1833 2618 opbyllo

673 2622 751 2702 Bre
781 2645 820 2700 n.

621 2731 712 2813 Tot
740 2647 974 2833 nyominibus
1006 2725 1254 2844 appellatam
1274 2729 1469 2830 invenio,
1496 2729 1679 2820 sedtum
1708 2729 1837 2812 aocl-

562 2847 647 2928 lide
672 2839 719 2927 &
747 2871 770 2926 a
800 2836 880 2924 chr
892 2843 1112 2956 fisnrhemc,
1141 2864 1229 2928 turn
1257 2869 1280 2926 a
1307 2871 1571 2963 quocunque
1600 2844 1683 2932 alio
1712 2865 1839 2960 gene-

562 2981 611 3042 re
638 2949 766 3039 lonoe
793 2876 949 3041 dilbr't.

622 3069 688 3148 De
712 3021 873 3151 lummis
901 3065 1062 3155 ramulis
1087 3063 1302 3180 'fingularia
1330 3089 1486 3151 exeunt
1511 3065 1691 3178 capitula
1718 3126 1730 3161 ,
1769 3095 1852 3184 ca·¹

564 3173 681 3296 lyce,
714 3179 789 3294 qui
814 3178 986 3298 squamis
1016 3171 1301 3292 inaequalibus‚
1334 3174 1382 3259 δέ
1401 3175 1649 3260 imbricatim
1668 3175 1837 3291 digestis

568 3289 809 3387 conflatur,
837 3286 1092 3403 compofita.
1130 3280 1266 3370 Flores
1296 3285 1341 3367 in
1369 3311 1529 3378 corona
1557 3289 1675 3399 parvi
1703 3281 1841 3371 collo-

568 3422 741 3496 cantur,
770 3398 975 3500 tubulati‚
1004 3398 1246 3517 cornpreffi,
1277 3421 1353 3510 per
1379 3395 1603 3596 supremam
1629 3425 1751 3485 oram
1777 3392 1841 3483 lu-

569 3509 702 3610 teoli,
743 3510 823 3600 fine
860 3513 1099 3601 membrana
1136 3507 1360 3609 staminea3
1392 3512 1403 3593 i
1436 3538 1490 3597 eo
1517 3504 1838 3604 semiflosculosr,

598 3649 645 3706 er
675 3622 877 3736 petiolum
904 3652 1010 3714 vero
1038 3653 1134 3713 cum
1161 3625 1276 3712 nudo
1304 3618 1486 3710 thalamo
1504 3623 1833 3711 committuntur.

561 3827 570 3841 ‚
638 3760 729 3821 rum
755 3760 849 3848 pars
878 3736 1054 3823 interior
1084 3734 1183 3824 tuba
1209 3731 1424 3830 instruola,
1453 3761 1548 3850 quae
1577 3732 1761 3822 bifariam
1781 3727 1840 3822 fa-

565 3839 781 3962 ffigiatut,
809 3843 957 3933 colore
979 3843 1108 3943 lutea,
1137 3844 1280 3934 crescit
1302 3847 1346 3928 in
1368 3843 1501 3932 semen
1521 3846 1833 3967 longiusculum,

563 3957 676 4044 utrin
711 3983 762 4042 ue
790 3959 1088 4060 acuminatum,
1115 3955 1237 4080 quod
1266 3955 1355 4074 ipsrs
1384 3955 1562 4047 floribus
1582 3961 1840 4048 contimtum

561 4071 611 4152 ln
638 3983 751 4155 dilco
779 4093 913 4184 porro
941 4068 1100 4161 flosculi
1131 4069 1302 4186 proprie
1332 4069 1434 4159 dieti
1462 4070 1714 4170 nascuntur,
1751 4068 1840 4155 for-·

561 4203 628 4264 ma
657 4176 963 4273 infundibulum
990 4183 1231 4282 referentes,
1262 4184 1305 4267 in
1333 4206 1516 4303 quatuor
1543 4183 1672 4273 luteas
1696 4204 1831 4296 partes

561 4285 682 4401 sebi,
709 4293 857 4410 quibus
884 4297 994 4384 intus
1022 4295 1191 4387 statnina
1218 4295 1426 4400 adlraerent
1451 4326 1548 4392 cum
1575 4295 1758 4421 apicibus
1769 4289 1834 4399 lu,

633 4427 639 4446 '
1682 4431 1783 4516 tto,
