<?xml version="1.0" encoding="UTF-8"?>
<!DOCTYPE html PUBLIC "-//W3C//DTD XHTML 1.0 Transitional//EN"
    "http://www.w3.org/TR/xhtml1/DTD/xhtml1-transitional.dtd">
<html xmlns="http://www.w3.org/1999/xhtml" xml:lang="en" lang="en">
 <head>
  <title>
</title>
<meta http-equiv="Content-Type" content="text/html;charset=utf-8" />
  <meta name='ocr-system' content='tesseract 3.04.00' />
  <meta name='ocr-capabilities' content='ocr_page ocr_carea ocr_par ocr_line ocrx_word'/>
</head>
<body>
  <div class='ocr_page' id='page_1' title='image "./juliipontederae00manfgoog_0267.png"; bbox 0 0 4120 5414; ppageno 0'>
   <div class='ocr_carea' id='block_1_1' title="bbox 587 243 1886 704">
    <p class='ocr_par' dir='ltr' id='par_1_1' title="bbox 587 243 1886 704">
     <span class='ocr_line' id='line_1_1' title="bbox 666 243 1606 382; baseline -0.022 -16"><span class='ocrx_word' id='word_1_1' title='bbox 666 255 756 382; x_wconf 73' lang='lat' dir='ltr'>2‘3&#39;c&#39;</span> <span class='ocrx_word' id='word_1_2' title='bbox 897 243 1456 353; x_wconf 67' lang='lat' dir='ltr'>&#39;Antrrrotoo</span> <span class='ocrx_word' id='word_1_3' title='bbox 1488 251 1606 352; x_wconf 76' lang='lat' dir='ltr'>1AE</span> 
     </span>
     <span class='ocr_line' id='line_1_2' title="bbox 594 373 1886 579; baseline -0.009 -106"><span class='ocrx_word' id='word_1_4' title='bbox 594 497 602 516; x_wconf 63' lang='lat'>,</span> <span class='ocrx_word' id='word_1_5' title='bbox 652 395 805 508; x_wconf 84' lang='lat' dir='ltr'>Neque</span> <span class='ocrx_word' id='word_1_6' title='bbox 833 375 994 477; x_wconf 87' lang='lat' dir='ltr'>solum,</span> <span class='ocrx_word' id='word_1_7' title='bbox 1022 375 1237 465; x_wconf 84' lang='lat' dir='ltr'>staminum</span> <span class='ocrx_word' id='word_1_8' title='bbox 1258 377 1473 579; x_wconf 78' lang='lat' dir='ltr'>positione</span> <span class='ocrx_word' id='word_1_9' title='bbox 1501 373 1728 506; x_wconf 68' lang='lat' dir='ltr'>neglecta,</span> <span class='ocrx_word' id='word_1_10' title='bbox 1758 379 1807 463; x_wconf 89' lang='lat' dir='ltr'>in</span> <span class='ocrx_word' id='word_1_11' title='bbox 1830 375 1886 467; x_wconf 51' lang='lat' dir='ltr'>Ab.</span> 
     </span>
     <span class='ocr_line' id='line_1_3' title="bbox 587 488 1256 704; baseline -0.016 -117"><span class='ocrx_word' id='word_1_12' title='bbox 587 499 759 704; x_wconf 36' lang='lat' dir='ltr'>gorgo·</span> <span class='ocrx_word' id='word_1_13' title='bbox 774 493 970 693; x_wconf 82' lang='lat' dir='ltr'>deceptus</span> <span class='ocrx_word' id='word_1_14' title='bbox 999 488 1058 576; x_wconf 85' lang='lat' dir='ltr'>est</span> <span class='ocrx_word' id='word_1_15' title='bbox 1085 495 1256 577; x_wconf 90' lang='lat' dir='ltr'>Tourne</span> 
     </span>
    </p>
   </div>
   <div class='ocr_carea' id='block_1_2' title="bbox 505 487 1895 4430">
    <p class='ocr_par' dir='ltr' id='par_1_2' title="bbox 524 487 1895 2707">
     <span class='ocr_line' id='line_1_4' title="bbox 1274 487 1886 588; baseline 0.007 -14"><span class='ocrx_word' id='word_1_16' title='bbox 1274 494 1433 588; x_wconf 88' lang='lat' dir='ltr'>ortius,</span> <span class='ocrx_word' id='word_1_17' title='bbox 1459 487 1528 574; x_wconf 83' lang='lat' dir='ltr'>sed</span> <span class='ocrx_word' id='word_1_18' title='bbox 1558 516 1602 580; x_wconf 88' lang='lat' dir='ltr'>tn</span> <span class='ocrx_word' id='word_1_19' title='bbox 1623 487 1761 578; x_wconf 88' lang='lat' dir='ltr'>multis</span> <span class='ocrx_word' id='word_1_20' title='bbox 1790 492 1886 582; x_wconf 80' lang='lat' dir='ltr'>aliie¹</span> 
     </span>
     <span class='ocr_line' id='line_1_5' title="bbox 634 603 1884 722; baseline -0.002 -25"><span class='ocrx_word' id='word_1_21' title='bbox 634 617 719 697; x_wconf 83' lang='lat' dir='ltr'>oris</span> <span class='ocrx_word' id='word_1_22' title='bbox 747 637 803 694; x_wconf 86' lang='lat' dir='ltr'>rrn</span> <span class='ocrx_word' id='word_1_23' title='bbox 834 635 877 693; x_wconf 87' lang='lat' dir='ltr'>cr</span> <span class='ocrx_word' id='word_1_24' title='bbox 898 605 977 692; x_wconf 72' lang='lat' dir='ltr'>coti</span> <span class='ocrx_word' id='word_1_25' title='bbox 1014 603 1264 720; x_wconf 86' lang='lat' dir='ltr'>generibus,</span> <span class='ocrx_word' id='word_1_26' title='bbox 1305 631 1397 722; x_wconf 86' lang='lat' dir='ltr'>quae</span> <span class='ocrx_word' id='word_1_27' title='bbox 1436 605 1547 688; x_wconf 88' lang='lat' dir='ltr'>inter·</span> <span class='ocrx_word' id='word_1_28' title='bbox 1583 604 1884 714; x_wconf 80' lang='lat' dir='ltr'>monopetaios&#39;</span> 
     </span>
     <span class='ocr_line' id='line_1_6' title="bbox 595 635 1885 832; baseline -0.012 -16"><span class='ocrx_word' id='word_1_29' title='bbox 595 723 725 816; x_wconf 85' lang='lat' dir='ltr'>flores</span> <span class='ocrx_word' id='word_1_30' title='bbox 754 635 1000 812; x_wconf 68' lang='lat' dir='ltr'>cobocaviu</span> <span class='ocrx_word' id='word_1_31' title='bbox 1031 737 1078 802; x_wconf 94' lang='lat' dir='ltr'>ut</span> <span class='ocrx_word' id='word_1_32' title='bbox 1105 717 1147 799; x_wconf 90' lang='lat' dir='ltr'>in</span> <span class='ocrx_word' id='word_1_33' title='bbox 1166 721 1417 832; x_wconf 70' lang='lat' dir='ltr'><em>pimpinella,</em></span> <span class='ocrx_word' id='word_1_34' title='bbox 1445 719 1487 801; x_wconf 94' lang='lat' dir='ltr'>in</span> <span class='ocrx_word' id='word_1_35' title='bbox 1510 731 1606 811; x_wconf 77' lang='lat' dir='ltr'>Are,</span> <span class='ocrx_word' id='word_1_36' title='bbox 1636 723 1677 797; x_wconf 87' lang='lat' dir='ltr'>in</span> <span class='ocrx_word' id='word_1_37' title='bbox 1699 737 1885 802; x_wconf 64' lang='lat' dir='ltr'>orarum·</span> 
     </span>
     <span class='ocr_line' id='line_1_7' title="bbox 596 826 1887 948; baseline -0.005 -26"><span class='ocrx_word' id='word_1_38' title='bbox 596 843 701 935; x_wconf 77' lang='lat' dir='ltr'>culo,</span> <span class='ocrx_word' id='word_1_39' title='bbox 728 833 955 944; x_wconf 60' lang='lat' dir='ltr'>inmiſsos,</span> <span class='ocrx_word' id='word_1_40' title='bbox 983 827 1188 946; x_wconf 85' lang='lat' dir='ltr'>inquibus</span> <span class='ocrx_word' id='word_1_41' title='bbox 1213 827 1380 915; x_wconf 87' lang='lat' dir='ltr'>stamina</span> <span class='ocrx_word' id='word_1_42' title='bbox 1402 853 1542 948; x_wconf 88' lang='lat' dir='ltr'>neque</span> <span class='ocrx_word' id='word_1_43' title='bbox 1567 826 1733 941; x_wconf 87' lang='lat' dir='ltr'>petalo,</span> <span class='ocrx_word' id='word_1_44' title='bbox 1758 830 1887 941; x_wconf 86' lang='lat' dir='ltr'>quod</span> 
     </span>
     <span class='ocr_line' id='line_1_8' title="bbox 595 937 1883 1062; baseline -0.013 -27"><span class='ocrx_word' id='word_1_45' title='bbox 595 948 754 1036; x_wconf 88' lang='lat' dir='ltr'>nullum</span> <span class='ocrx_word' id='word_1_46' title='bbox 782 943 863 1039; x_wconf 75' lang='lat' dir='ltr'>est,</span> <span class='ocrx_word' id='word_1_47' title='bbox 891 967 1029 1056; x_wconf 89' lang='lat' dir='ltr'>neque</span> <span class='ocrx_word' id='word_1_48' title='bbox 1059 937 1216 1056; x_wconf 84' lang='lat' dir='ltr'>calyci,</span> <span class='ocrx_word' id='word_1_49' title='bbox 1243 944 1319 1062; x_wconf 89' lang='lat' dir='ltr'>qui</span> <span class='ocrx_word' id='word_1_50' title='bbox 1350 938 1533 1056; x_wconf 86' lang='lat' dir='ltr'>petalum</span> <span class='ocrx_word' id='word_1_51' title='bbox 1555 939 1778 1038; x_wconf 80' lang='lat' dir='ltr'>creditur,</span> <span class='ocrx_word' id='word_1_52' title='bbox 1809 969 1883 1028; x_wconf 65' lang='lat' dir='ltr'>an⁴</span> 
     </span>
     <span class='ocr_line' id='line_1_9' title="bbox 524 1051 1870 1164; baseline -0.008 -17"><span class='ocrx_word' id='word_1_53' title='bbox 524 1101 526 1106; x_wconf 61' lang='grc'><em>’</em></span> <span class='ocrx_word' id='word_1_54' title='bbox 595 1061 839 1156; x_wconf 70' lang='lat' dir='ltr'>nectuntur,</span> <span class='ocrx_word' id='word_1_55' title='bbox 866 1051 933 1139; x_wconf 86' lang='lat' dir='ltr'>sed</span> <span class='ocrx_word' id='word_1_56' title='bbox 962 1051 1230 1164; x_wconf 85' lang='lat' dir='ltr'>receptaculo</span> <span class='ocrx_word' id='word_1_57' title='bbox 1248 1091 1263 1152; x_wconf 89' lang='grc'>,·</span> <span class='ocrx_word' id='word_1_58' title='bbox 1293 1053 1470 1139; x_wconf 83' lang='lat' dir='ltr'>firnilitcr</span> <span class='ocrx_word' id='word_1_59' title='bbox 1499 1053 1544 1136; x_wconf 91' lang='lat' dir='ltr'>in</span> <span class='ocrx_word' id='word_1_60' title='bbox 1712 1076 1732 1158; x_wconf 66' lang='lat' dir='ltr'><em>f</em></span> <span class='ocrx_word' id='word_1_61' title='bbox 1864 1159 1870 1164; x_wconf 84' lang='lat'><em>.</em></span> 
     </span>
     <span class='ocr_line' id='line_1_10' title="bbox 652 1166 1885 1364; baseline 0.002 -113"><span class='ocrx_word' id='word_1_62' title='bbox 652 1176 789 1251; x_wconf 83' lang='lat' dir='ltr'><em>Glauce</em></span> <span class='ocrx_word' id='word_1_63' title='bbox 823 1168 1012 1364; x_wconf 46' lang='lat' dir='ltr'>pssffm&#39;,</span> <span class='ocrx_word' id='word_1_64' title='bbox 1039 1166 1138 1276; x_wconf 75' lang='lat' dir='ltr'>stare</span> <span class='ocrx_word' id='word_1_65' title='bbox 1168 1167 1311 1276; x_wconf 81' lang='lat' dir='ltr'>striato</span> <span class='ocrx_word' id='word_1_66' title='bbox 1337 1167 1488 1281; x_wconf 70' lang='lat' dir='ltr'>circesi,</span> <span class='ocrx_word' id='word_1_67' title='bbox 1525 1169 1647 1286; x_wconf 83' lang='lat' dir='ltr'>foliis·</span> <span class='ocrx_word' id='word_1_68' title='bbox 1663 1169 1885 1276; x_wconf 64' lang='lat' dir='ltr'>¹irritatior</span> 
     </span>
     <span class='ocr_line' id='line_1_11' title="bbox 707 1275 1349 1468; baseline -0.002 -106"><span class='ocrx_word' id='word_1_69' title='bbox 707 1284 856 1363; x_wconf 85' lang='lat' dir='ltr'>Toutn</span> <span class='ocrx_word' id='word_1_70' title='bbox 899 1275 1016 1468; x_wconf 52' lang='lat' dir='ltr'>Arpi.</span> <span class='ocrx_word' id='word_1_71' title='bbox 1047 1281 1094 1362; x_wconf 84' lang='lat' dir='ltr'>R.</span> <span class='ocrx_word' id='word_1_72' title='bbox 1123 1277 1235 1361; x_wconf 75' lang='lat' dir='ltr'>Heri.</span> <span class='ocrx_word' id='word_1_73' title='bbox 1275 1278 1349 1375; x_wconf 81' lang='lat'>88,</span> 
     </span>
     <span class='ocr_line' id='line_1_12' title="bbox 596 1383 1879 1520; baseline -0.002 -40"><span class='ocrx_word' id='word_1_74' title='bbox 596 1399 714 1506; x_wconf 78' lang='lat' dir='ltr'>cujus</span> <span class='ocrx_word' id='word_1_75' title='bbox 734 1387 866 1477; x_wconf 86' lang='lat' dir='ltr'>flores</span> <span class='ocrx_word' id='word_1_76' title='bbox 886 1415 939 1473; x_wconf 79' lang='lat' dir='ltr'>ex</span> <span class='ocrx_word' id='word_1_77' title='bbox 974 1385 1120 1501; x_wconf 78' lang='lat' dir='ltr'>iugulis</span> <span class='ocrx_word' id='word_1_78' title='bbox 1141 1383 1341 1478; x_wconf 86' lang='lat' dir='ltr'>soliorum</span> <span class='ocrx_word' id='word_1_79' title='bbox 1363 1388 1433 1474; x_wconf 89' lang='lat' dir='ltr'>alis</span> <span class='ocrx_word' id='word_1_80' title='bbox 1457 1388 1742 1520; x_wconf 82' lang='lat' dir='ltr'>egrediuntur.</span> <span class='ocrx_word' id='word_1_81' title='bbox 1773 1393 1879 1477; x_wconf 82' lang='lat' dir='ltr'>Sunt</span> 
     </span>
     <span class='ocr_line' id='line_1_13' title="bbox 598 1495 1881 1626; baseline -0.004 -36"><span class='ocrx_word' id='word_1_82' title='bbox 598 1529 736 1591; x_wconf 87' lang='lat' dir='ltr'>autern</span> <span class='ocrx_word' id='word_1_83' title='bbox 763 1499 808 1584; x_wconf 91' lang='lat' dir='ltr'>hi</span> <span class='ocrx_word' id='word_1_84' title='bbox 837 1495 1078 1612; x_wconf 90' lang='lat' dir='ltr'>corpuscula</span> <span class='ocrx_word' id='word_1_85' title='bbox 1101 1521 1341 1615; x_wconf 84' lang='lat' dir='ltr'>tetragona,</span> <span class='ocrx_word' id='word_1_86' title='bbox 1371 1531 1463 1626; x_wconf 85' lang='lat' dir='ltr'>quae</span> <span class='ocrx_word' id='word_1_87' title='bbox 1486 1527 1529 1586; x_wconf 86' lang='lat' dir='ltr'>tn</span> <span class='ocrx_word' id='word_1_88' title='bbox 1551 1501 1760 1615; x_wconf 84' lang='lat' dir='ltr'>superiore</span> <span class='ocrx_word' id='word_1_89' title='bbox 1785 1527 1881 1614; x_wconf 48' lang='lat' dir='ltr'>par*</span> 
     </span>
     <span class='ocr_line' id='line_1_14' title="bbox 596 1605 1880 1730; baseline -0.002 -34"><span class='ocrx_word' id='word_1_90' title='bbox 596 1639 642 1706; x_wconf 87' lang='lat' dir='ltr'>te</span> <span class='ocrx_word' id='word_1_91' title='bbox 672 1616 717 1702; x_wconf 90' lang='lat' dir='ltr'>in</span> <span class='ocrx_word' id='word_1_92' title='bbox 746 1635 930 1730; x_wconf 88' lang='lat' dir='ltr'>quatuor</span> <span class='ocrx_word' id='word_1_93' title='bbox 958 1605 1104 1695; x_wconf 85' lang='lat' dir='ltr'>foliola</span> <span class='ocrx_word' id='word_1_94' title='bbox 1132 1613 1278 1698; x_wconf 86' lang='lat' dir='ltr'>viridia</span> <span class='ocrx_word' id='word_1_95' title='bbox 1303 1641 1376 1728; x_wconf 87' lang='lat' dir='ltr'>per</span> <span class='ocrx_word' id='word_1_96' title='bbox 1400 1639 1557 1730; x_wconf 86' lang='lat' dir='ltr'>ungues</span> <span class='ocrx_word' id='word_1_97' title='bbox 1579 1637 1789 1697; x_wconf 85' lang='lat' dir='ltr'>extremos</span> <span class='ocrx_word' id='word_1_98' title='bbox 1810 1642 1880 1701; x_wconf 62' lang='lat' dir='ltr'>rua</span> 
     </span>
     <span class='ocr_line' id='line_1_15' title="bbox 599 1721 1883 1838; baseline -0.005 -23"><span class='ocrx_word' id='word_1_99' title='bbox 599 1729 675 1815; x_wconf 85' lang='lat' dir='ltr'>bra</span> <span class='ocrx_word' id='word_1_100' title='bbox 704 1728 964 1838; x_wconf 88' lang='lat' dir='ltr'>aperiuntur.</span> <span class='ocrx_word' id='word_1_101' title='bbox 993 1721 1066 1804; x_wconf 90' lang='lat' dir='ltr'>His</span> <span class='ocrx_word' id='word_1_102' title='bbox 1096 1745 1278 1838; x_wconf 87' lang='lat' dir='ltr'>quatuor</span> <span class='ocrx_word' id='word_1_103' title='bbox 1308 1729 1601 1812; x_wconf 74' lang='lat' dir='ltr'>circundantur</span> <span class='ocrx_word' id='word_1_104' title='bbox 1621 1724 1789 1812; x_wconf 85' lang='lat' dir='ltr'>stamina</span> <span class='ocrx_word' id='word_1_105' title='bbox 1813 1749 1883 1810; x_wconf 76' lang='lat' dir='ltr'>re·-</span> 
     </span>
     <span class='ocr_line' id='line_1_16' title="bbox 598 1830 1876 1952; baseline -0.002 -28"><span class='ocrx_word' id='word_1_106' title='bbox 598 1835 987 1950; x_wconf 79' lang='lat' dir='ltr'>ceptaculo&#39;affixa‚</span> <span class='ocrx_word' id='word_1_107' title='bbox 1016 1830 1209 1921; x_wconf 87' lang='lat' dir='ltr'>&amp;luteis</span> <span class='ocrx_word' id='word_1_108' title='bbox 1238 1836 1421 1952; x_wconf 76' lang='lat' dir='ltr'>apicibus</span> <span class='ocrx_word' id='word_1_109' title='bbox 1451 1861 1627 1924; x_wconf 84' lang='lat' dir='ltr'>ornata.</span> <span class='ocrx_word' id='word_1_110' title='bbox 1656 1842 1766 1920; x_wconf 87' lang='lat' dir='ltr'>luter</span> <span class='ocrx_word' id='word_1_111' title='bbox 1796 1835 1876 1923; x_wconf 79' lang='lat' dir='ltr'>sta-</span> 
     </span>
     <span class='ocr_line' id='line_1_17' title="bbox 596 1943 1876 2047; baseline -0.002 -9"><span class='ocrx_word' id='word_1_112' title='bbox 596 1949 888 2038; x_wconf 47' lang='lat' dir='ltr'>snina‘cnrinet</span> <span class='ocrx_word' id='word_1_113' title='bbox 915 1943 1013 2032; x_wconf 88' lang='lat' dir='ltr'>tuba</span> <span class='ocrx_word' id='word_1_114' title='bbox 1042 1944 1083 2024; x_wconf 92' lang='lat' dir='ltr'>in</span> <span class='ocrx_word' id='word_1_115' title='bbox 1112 1949 1406 2044; x_wconf 80' lang='lat' dir='ltr'>crassitudinem</span> <span class='ocrx_word' id='word_1_116' title='bbox 1434 1946 1519 2038; x_wconf 86' lang='lat' dir='ltr'>fasti</span> <span class='ocrx_word' id='word_1_117' title='bbox 1552 1953 1653 2047; x_wconf 89' lang='lat' dir='ltr'>iata,</span> <span class='ocrx_word' id='word_1_118' title='bbox 1681 1945 1729 2032; x_wconf 85' lang='lat'>&amp;</span> <span class='ocrx_word' id='word_1_119' title='bbox 1757 1947 1876 2038; x_wconf 75' lang='lat' dir='ltr'>alba.</span> 
     </span>
     <span class='ocr_line' id='line_1_18' title="bbox 595 1977 1874 2176; baseline 0.001 -32"><span class='ocrx_word' id='word_1_120' title='bbox 595 2057 779 2176; x_wconf 87' lang='lat' dir='ltr'>Embryo</span> <span class='ocrx_word' id='word_1_121' title='bbox 805 2122 816 2156; x_wconf 91' lang='lat'>‚</span> <span class='ocrx_word' id='word_1_122' title='bbox 844 2059 909 2144; x_wconf 91' lang='lat' dir='ltr'>cui</span> <span class='ocrx_word' id='word_1_123' title='bbox 941 2051 1052 2142; x_wconf 77' lang='lat' dir='ltr'>tuba.</span> <span class='ocrx_word' id='word_1_124' title='bbox 1069 2056 1243 2158; x_wconf 83' lang='lat' dir='ltr'>insidet,</span> <span class='ocrx_word' id='word_1_125' title='bbox 1282 2063 1424 2149; x_wconf 87' lang='lat' dir='ltr'>crescit</span> <span class='ocrx_word' id='word_1_126' title='bbox 1451 2067 1495 2147; x_wconf 91' lang='lat' dir='ltr'>in</span> <span class='ocrx_word' id='word_1_127' title='bbox 1520 1977 1700 2152; x_wconf 64' lang='lat' dir='ltr'>bustum</span> <span class='ocrx_word' id='word_1_128' title='bbox 1732 2064 1874 2146; x_wconf 80' lang='lat' dir='ltr'>unica-</span> 
     </span>
     <span class='ocr_line' id='line_1_19' title="bbox 597 2165 1874 2292; baseline -0.001 -35"><span class='ocrx_word' id='word_1_129' title='bbox 597 2168 819 2286; x_wconf 84' lang='lat' dir='ltr'>psuiarern,</span> <span class='ocrx_word' id='word_1_130' title='bbox 848 2167 1058 2253; x_wconf 86' lang='lat' dir='ltr'>seminibus</span> <span class='ocrx_word' id='word_1_131' title='bbox 1078 2165 1227 2260; x_wconf 77' lang='lat' dir='ltr'>foetunt</span> <span class='ocrx_word' id='word_1_132' title='bbox 1249 2173 1467 2292; x_wconf 83' lang='lat' dir='ltr'>oblongis,</span> <span class='ocrx_word' id='word_1_133' title='bbox 1491 2175 1647 2289; x_wconf 83' lang='lat' dir='ltr'>parvis,</span> <span class='ocrx_word' id='word_1_134' title='bbox 1675 2165 1874 2288; x_wconf 73' lang='lat' dir='ltr'>plurimis,¹</span> 
     </span>
     <span class='ocr_line' id='line_1_20' title="bbox 595 2282 1895 2404; baseline -0.005 -33"><span class='ocrx_word' id='word_1_135' title='bbox 595 2283 766 2371; x_wconf 77' lang='lat' dir='ltr'>annexis</span> <span class='ocrx_word' id='word_1_136' title='bbox 798 2282 1109 2398; x_wconf 78' lang='lat' dir='ltr'>circunquaque</span> <span class='ocrx_word' id='word_1_137' title='bbox 1138 2282 1388 2372; x_wconf 74' lang='lat' dir='ltr'>intermedie</span> <span class='ocrx_word' id='word_1_138' title='bbox 1417 2283 1675 2382; x_wconf 72' lang='lat' dir='ltr'>columella,</span> <span class='ocrx_word' id='word_1_139' title='bbox 1705 2286 1895 2404; x_wconf 83' lang='lat' dir='ltr'>quaein·</span> 
     </span>
     <span class='ocr_line' id='line_1_21' title="bbox 597 2390 1891 2512; baseline 0 -32"><span class='ocrx_word' id='word_1_140' title='bbox 597 2394 741 2480; x_wconf 81' lang='lat' dir='ltr'>tubam</span> <span class='ocrx_word' id='word_1_141' title='bbox 768 2392 1045 2508; x_wconf 87' lang='lat' dir='ltr'>producitur.</span> <span class='ocrx_word' id='word_1_142' title='bbox 1074 2390 1234 2480; x_wconf 84' lang='lat' dir='ltr'>Foliola</span> <span class='ocrx_word' id='word_1_143' title='bbox 1265 2427 1395 2512; x_wconf 90' lang='lat' dir='ltr'>porro</span> <span class='ocrx_word' id='word_1_144' title='bbox 1426 2395 1524 2498; x_wconf 86' lang='lat' dir='ltr'>iila,</span> <span class='ocrx_word' id='word_1_145' title='bbox 1555 2397 1759 2488; x_wconf 86' lang='lat' dir='ltr'>crescente</span> <span class='ocrx_word' id='word_1_146' title='bbox 1788 2393 1891 2504; x_wconf 42' lang='lat' dir='ltr'>frus</span> 
     </span>
     <span class='ocr_line' id='line_1_22' title="bbox 594 2500 1872 2707; baseline -0.008 -118"><span class='ocrx_word' id='word_1_147' title='bbox 594 2507 691 2707; x_wconf 54' lang='lat' dir='ltr'>ficu,</span> <span class='ocrx_word' id='word_1_148' title='bbox 719 2532 810 2592; x_wconf 89' lang='lat' dir='ltr'>non</span> <span class='ocrx_word' id='word_1_149' title='bbox 836 2500 1052 2612; x_wconf 74' lang='lat' dir='ltr'>decidunt,</span> <span class='ocrx_word' id='word_1_150' title='bbox 1083 2502 1277 2606; x_wconf 84' lang='lat' dir='ltr'>breviora</span> <span class='ocrx_word' id='word_1_151' title='bbox 1304 2533 1441 2608; x_wconf 76' lang='lat' dir='ltr'>tamen</span> <span class='ocrx_word' id='word_1_152' title='bbox 1470 2509 1598 2608; x_wconf 82' lang='lat' dir='ltr'>fiunt,</span> <span class='ocrx_word' id='word_1_153' title='bbox 1628 2509 1674 2602; x_wconf 69' lang='lat' dir='ltr'>ds</span> <span class='ocrx_word' id='word_1_154' title='bbox 1700 2529 1872 2602; x_wconf 81' lang='lat' dir='ltr'>contra.</span> 
     </span>
     <span class='ocr_line' id='line_1_23' title="bbox 628 2639 1762 2706; baseline 0.002 -2"><span class='ocrx_word' id='word_1_155' title='bbox 628 2639 771 2706; x_wconf 77' lang='lat' dir='ltr'>untur.</span> <span class='ocrx_word' id='word_1_156' title='bbox 1021 2671 1026 2687; x_wconf 81' lang='lat'>=</span> <span class='ocrx_word' id='word_1_157' title='bbox 1742 2647 1762 2661; x_wconf 86' lang='grc'>““</span> 
     </span>
    </p>

    <p class='ocr_par' dir='ltr' id='par_1_3' title="bbox 525 2725 1888 3864">
     <span class='ocr_line' id='line_1_24' title="bbox 653 2725 1871 2856; baseline 0.002 -41"><span class='ocrx_word' id='word_1_158' title='bbox 653 2731 719 2815; x_wconf 90' lang='lat' dir='ltr'>Ut</span> <span class='ocrx_word' id='word_1_159' title='bbox 747 2733 873 2850; x_wconf 88' lang='lat' dir='ltr'>igitur</span> <span class='ocrx_word' id='word_1_160' title='bbox 913 2729 1113 2819; x_wconf 85' lang='lat' dir='ltr'>nonnulla</span> <span class='ocrx_word' id='word_1_161' title='bbox 1143 2766 1297 2856; x_wconf 88' lang='lat' dir='ltr'>genera</span> <span class='ocrx_word' id='word_1_162' title='bbox 1335 2742 1453 2827; x_wconf 86' lang='lat' dir='ltr'>inter·</span> <span class='ocrx_word' id='word_1_163' title='bbox 1469 2736 1703 2856; x_wconf 84' lang='lat' dir='ltr'>petaloidcs</span> <span class='ocrx_word' id='word_1_164' title='bbox 1741 2725 1871 2818; x_wconf 80' lang='lat' dir='ltr'>flores</span> 
     </span>
     <span class='ocr_line' id='line_1_25' title="bbox 596 2837 1888 2968; baseline -0.001 -38"><span class='ocrx_word' id='word_1_165' title='bbox 596 2837 805 2932; x_wconf 85' lang='lat' dir='ltr'>collocata</span> <span class='ocrx_word' id='word_1_166' title='bbox 833 2843 919 2930; x_wconf 90' lang='lat' dir='ltr'>hoc</span> <span class='ocrx_word' id='word_1_167' title='bbox 939 2841 1055 2960; x_wconf 79' lang='lat' dir='ltr'>signo</span> <span class='ocrx_word' id='word_1_168' title='bbox 1079 2851 1388 2968; x_wconf 86' lang='lat' dir='ltr'>cognoscimus,</span> <span class='ocrx_word' id='word_1_169' title='bbox 1450 2881 1510 2939; x_wconf 86' lang='lat' dir='ltr'>uae</span> <span class='ocrx_word' id='word_1_170' title='bbox 1534 2851 1585 2937; x_wconf 91' lang='lat' dir='ltr'>ad</span> <span class='ocrx_word' id='word_1_171' title='bbox 1607 2843 1888 2961; x_wconf 70' lang='lat' dir='ltr'>impersestos</span> 
     </span>
     <span class='ocr_line' id='line_1_26' title="bbox 594 2879 1875 3077; baseline 0 -37"><span class='ocrx_word' id='word_1_172' title='bbox 594 2941 721 3044; x_wconf 82' lang='lat' dir='ltr'>fiores</span> <span class='ocrx_word' id='word_1_173' title='bbox 750 2954 988 3046; x_wconf 84' lang='lat' dir='ltr'>revocanda</span> <span class='ocrx_word' id='word_1_174' title='bbox 1015 2956 1123 3046; x_wconf 92' lang='lat' dir='ltr'>sunt:</span> <span class='ocrx_word' id='word_1_175' title='bbox 1158 2965 1214 3050; x_wconf 85' lang='lat' dir='ltr'>ita</span> <span class='ocrx_word' id='word_1_176' title='bbox 1243 2879 1488 3077; x_wconf 51' lang='lat' dir='ltr'>imperfeiie</span> <span class='ocrx_word' id='word_1_177' title='bbox 1515 2960 1691 3050; x_wconf 83' lang='lat' dir='ltr'>floribus</span> <span class='ocrx_word' id='word_1_178' title='bbox 1712 2959 1875 3044; x_wconf 78' lang='lat' dir='ltr'>irnrnirc-</span> 
     </span>
     <span class='ocr_line' id='line_1_27' title="bbox 596 3066 1870 3196; baseline 0 -44"><span class='ocrx_word' id='word_1_179' title='bbox 596 3088 641 3152; x_wconf 88' lang='lat' dir='ltr'>ta</span> <span class='ocrx_word' id='word_1_180' title='bbox 669 3066 796 3154; x_wconf 83' lang='lat' dir='ltr'>inulta</span> <span class='ocrx_word' id='word_1_181' title='bbox 824 3067 1209 3179; x_wconf 88' lang='lat' dir='ltr'>deprehenduntur,</span> <span class='ocrx_word' id='word_1_182' title='bbox 1240 3093 1334 3196; x_wconf 79' lang='lat' dir='ltr'>qulae</span> <span class='ocrx_word' id='word_1_183' title='bbox 1361 3073 1640 3188; x_wconf 85' lang='lat' dir='ltr'>monopetalis</span> <span class='ocrx_word' id='word_1_184' title='bbox 1662 3071 1870 3162; x_wconf 69' lang='lat' dir='ltr'>restituen</span> 
     </span>
     <span class='ocr_line' id='line_1_28' title="bbox 598 3177 1873 3300; baseline 0.002 -38"><span class='ocrx_word' id='word_1_185' title='bbox 598 3177 653 3262; x_wconf 78' lang='lat' dir='ltr'>da</span> <span class='ocrx_word' id='word_1_186' title='bbox 680 3177 789 3278; x_wconf 89' lang='lat' dir='ltr'>sunt,</span> <span class='ocrx_word' id='word_1_187' title='bbox 818 3203 865 3267; x_wconf 86' lang='lat' dir='ltr'>ut</span> <span class='ocrx_word' id='word_1_188' title='bbox 891 3183 1109 3290; x_wconf 71' lang='lat' dir='ltr'>perficeris,</span> <span class='ocrx_word' id='word_1_189' title='bbox 1140 3187 1384 3300; x_wconf 80' lang='lat' dir='ltr'>Polygonum,</span> <span class='ocrx_word' id='word_1_190' title='bbox 1413 3189 1591 3293; x_wconf 80' lang='lat' dir='ltr'>Bistorra,</span> <span class='ocrx_word' id='word_1_191' title='bbox 1620 3186 1667 3267; x_wconf 88' lang='lat'><strong>&amp;</strong></span> <span class='ocrx_word' id='word_1_192' title='bbox 1687 3179 1873 3270; x_wconf 87' lang='lat' dir='ltr'>nonnul-</span> 
     </span>
     <span class='ocr_line' id='line_1_29' title="bbox 596 3287 1873 3409; baseline 0.003 -33"><span class='ocrx_word' id='word_1_193' title='bbox 596 3287 637 3376; x_wconf 83' lang='lat' dir='ltr'>la</span> <span class='ocrx_word' id='word_1_194' title='bbox 665 3291 772 3389; x_wconf 86' lang='lat' dir='ltr'>alia,</span> <span class='ocrx_word' id='word_1_195' title='bbox 803 3322 896 3409; x_wconf 85' lang='lat' dir='ltr'>quae</span> <span class='ocrx_word' id='word_1_196' title='bbox 923 3293 997 3383; x_wconf 85' lang='lat' dir='ltr'>siris</span> <span class='ocrx_word' id='word_1_197' title='bbox 1025 3290 1128 3382; x_wconf 89' lang='lat' dir='ltr'>iocis</span> <span class='ocrx_word' id='word_1_198' title='bbox 1157 3295 1367 3383; x_wconf 86' lang='lat' dir='ltr'>reddenda</span> <span class='ocrx_word' id='word_1_199' title='bbox 1396 3295 1645 3388; x_wconf 80' lang='lat' dir='ltr'>reservamus</span> <span class='ocrx_word' id='word_1_200' title='bbox 1673 3355 1682 3374; x_wconf 88' lang='lat'><strong>.</strong></span> <span class='ocrx_word' id='word_1_201' title='bbox 1710 3293 1873 3380; x_wconf 78' lang='lat' dir='ltr'>Interea</span> 
     </span>
     <span class='ocr_line' id='line_1_30' title="bbox 525 3402 1871 3524; baseline 0.002 -38"><span class='ocrx_word' id='word_1_202' title='bbox 525 3477 532 3486; x_wconf 86' lang='grc'>.</span> <span class='ocrx_word' id='word_1_203' title='bbox 597 3429 652 3490; x_wconf 85' lang='lat' dir='ltr'>ex</span> <span class='ocrx_word' id='word_1_204' title='bbox 678 3405 740 3491; x_wconf 89' lang='lat' dir='ltr'>his</span> <span class='ocrx_word' id='word_1_205' title='bbox 769 3409 853 3493; x_wconf 80' lang='lat' dir='ltr'>tres¹</span> <span class='ocrx_word' id='word_1_206' title='bbox 879 3405 1030 3520; x_wconf 87' lang='lat' dir='ltr'>species</span> <span class='ocrx_word' id='word_1_207' title='bbox 1061 3406 1103 3491; x_wconf 90' lang='lat' dir='ltr'>in</span> <span class='ocrx_word' id='word_1_208' title='bbox 1127 3408 1365 3524; x_wconf 85' lang='lat' dir='ltr'>exemplum</span> <span class='ocrx_word' id='word_1_209' title='bbox 1384 3402 1571 3505; x_wconf 85' lang='lat' dir='ltr'>afferam,</span> <span class='ocrx_word' id='word_1_210' title='bbox 1601 3431 1778 3522; x_wconf 84' lang='lat' dir='ltr'>quarum</span> <span class='ocrx_word' id='word_1_211' title='bbox 1800 3404 1871 3490; x_wconf 72' lang='lat' dir='ltr'>de«</span> 
     </span>
     <span class='ocr_line' id='line_1_31' title="bbox 595 3513 1871 3642; baseline 0 -38"><span class='ocrx_word' id='word_1_212' title='bbox 595 3513 818 3636; x_wconf 72' lang='lat' dir='ltr'>scriptione</span> <span class='ocrx_word' id='word_1_213' title='bbox 847 3517 1062 3616; x_wconf 79' lang='lat' dir='ltr'>absoluta,</span> <span class='ocrx_word' id='word_1_214' title='bbox 1099 3523 1257 3611; x_wconf 81' lang='lat' dir='ltr'>adalia</span> <span class='ocrx_word' id='word_1_215' title='bbox 1285 3517 1488 3642; x_wconf 80' lang='lat' dir='ltr'>propositi</span> <span class='ocrx_word' id='word_1_216' title='bbox 1527 3518 1665 3636; x_wconf 89' lang='lat' dir='ltr'>operis</span> <span class='ocrx_word' id='word_1_217' title='bbox 1699 3527 1871 3607; x_wconf 77' lang='lat' dir='ltr'>munera</span> 
     </span>
     <span class='ocr_line' id='line_1_32' title="bbox 594 3626 1883 3717; baseline 0.01 -3"><span class='ocrx_word' id='word_1_218' title='bbox 594 3626 800 3717; x_wconf 76' lang='lat' dir='ltr'>transibo.</span> <span class='ocrx_word' id='word_1_219' title='bbox 1875 3650 1883 3660; x_wconf 80' lang='grc'><em>“</em></span> 
     </span>
     <span class='ocr_line' id='line_1_33' title="bbox 607 3743 1609 3864; baseline 0.005 -39"><span class='ocrx_word' id='word_1_220' title='bbox 607 3803 612 3814; x_wconf 71' lang='lat'>,</span> <span class='ocrx_word' id='word_1_221' title='bbox 647 3743 788 3844; x_wconf 77' lang='lat' dir='ltr'>Prima</span> <span class='ocrx_word' id='word_1_222' title='bbox 814 3745 955 3864; x_wconf 87' lang='lat' dir='ltr'>itaque</span> <span class='ocrx_word' id='word_1_223' title='bbox 982 3769 1038 3831; x_wconf 83' lang='lat' dir='ltr'>ex</span> <span class='ocrx_word' id='word_1_224' title='bbox 1065 3749 1266 3861; x_wconf 70' lang='lat' dir='ltr'>perficerie</span> <span class='ocrx_word' id='word_1_225' title='bbox 1291 3745 1500 3862; x_wconf 86' lang='lat' dir='ltr'>desumpta</span> <span class='ocrx_word' id='word_1_226' title='bbox 1527 3747 1609 3830; x_wconf 83' lang='lat' dir='ltr'>erit</span> 
     </span>
    </p>

    <p class='ocr_par' dir='ltr' id='par_1_4' title="bbox 505 3856 1869 4084">
     <span class='ocr_line' id='line_1_34' title="bbox 650 3856 1869 3976; baseline 0.007 -42"><span class='ocrx_word' id='word_1_227' title='bbox 650 3856 851 3960; x_wconf 67' lang='lat' dir='ltr'>i’erssccric</span> <span class='ocrx_word' id='word_1_228' title='bbox 876 3863 1104 3957; x_wconf 73' lang='lat' dir='ltr'>orientalis,</span> <span class='ocrx_word' id='word_1_229' title='bbox 1133 3869 1334 3945; x_wconf 68' lang='lat' dir='ltr'>nicotiana</span> <span class='ocrx_word' id='word_1_230' title='bbox 1354 3862 1470 3966; x_wconf 73' lang='lat' dir='ltr'>tilio,</span> <span class='ocrx_word' id='word_1_231' title='bbox 1495 3865 1612 3974; x_wconf 80' lang='lat' dir='ltr'>calyce</span> <span class='ocrx_word' id='word_1_232' title='bbox 1623 3863 1764 3976; x_wconf 77' lang='lat' dir='ltr'>florum</span> <span class='ocrx_word' id='word_1_233' title='bbox 1775 3856 1869 3970; x_wconf 63' lang='lat' dir='ltr'>punt]</span> 
     </span>
     <span class='ocr_line' id='line_1_35' title="bbox 505 3965 1627 4084; baseline 0.01 -40"><span class='ocrx_word' id='word_1_234' title='bbox 505 4011 508 4016; x_wconf 94' lang='lat'><em>·</em></span> <span class='ocrx_word' id='word_1_235' title='bbox 610 4038 616 4048; x_wconf 87' lang='lat'>.</span> <span class='ocrx_word' id='word_1_236' title='bbox 695 3973 818 4077; x_wconf 71' lang='lat' dir='ltr'>&#39;parco</span> <span class='ocrx_word' id='word_1_237' title='bbox 842 3965 1042 4053; x_wconf 70' lang='lat' dir='ltr'>Tournt‘tf.</span> <span class='ocrx_word' id='word_1_238' title='bbox 1069 3975 1151 4082; x_wconf 64' lang='lat' dir='ltr'>inst,</span> <span class='ocrx_word' id='word_1_239' title='bbox 1179 3977 1228 4059; x_wconf 81' lang='lat' dir='ltr'>R.</span> <span class='ocrx_word' id='word_1_240' title='bbox 1255 3971 1372 4056; x_wconf 82' lang='lat' dir='ltr'>Herb.</span> <span class='ocrx_word' id='word_1_241' title='bbox 1399 3978 1536 4057; x_wconf 80' lang='lat' dir='ltr'>Caroli.</span> <span class='ocrx_word' id='word_1_242' title='bbox 1565 3971 1627 4084; x_wconf 85' lang='lat'>38.</span> 
     </span>
    </p>

    <p class='ocr_par' dir='ltr' id='par_1_5' title="bbox 592 4072 1872 4430">
     <span class='ocr_line' id='line_1_36' title="bbox 592 4072 1872 4203; baseline 0.008 -47"><span class='ocrx_word' id='word_1_243' title='bbox 592 4183 600 4190; x_wconf 87' lang='lat'><em>.</em></span> <span class='ocrx_word' id='word_1_244' title='bbox 648 4072 837 4166; x_wconf 89' lang='lat' dir='ltr'>Procero</span> <span class='ocrx_word' id='word_1_245' title='bbox 864 4075 911 4162; x_wconf 75' lang='lat' dir='ltr'>bc</span> <span class='ocrx_word' id='word_1_246' title='bbox 935 4075 1123 4195; x_wconf 78' lang='lat' dir='ltr'>singulari</span> <span class='ocrx_word' id='word_1_247' title='bbox 1150 4085 1242 4171; x_wconf 80' lang='lat' dir='ltr'>haec·</span> <span class='ocrx_word' id='word_1_248' title='bbox 1260 4081 1428 4174; x_wconf 82' lang='lat' dir='ltr'>fruticat</span> <span class='ocrx_word' id='word_1_249' title='bbox 1445 4083 1561 4173; x_wconf 89' lang='lat' dir='ltr'>caule</span> <span class='ocrx_word' id='word_1_250' title='bbox 1588 4085 1629 4166; x_wconf 92' lang='lat' dir='ltr'>in</span> <span class='ocrx_word' id='word_1_251' title='bbox 1651 4084 1787 4203; x_wconf 88' lang='lat' dir='ltr'>plures</span> <span class='ocrx_word' id='word_1_252' title='bbox 1807 4087 1872 4167; x_wconf 62' lang='lat' dir='ltr'>raa&#39;</span> 
     </span>
     <span class='ocr_line' id='line_1_37' title="bbox 594 4188 1867 4328; baseline 0.002 -54"><span class='ocrx_word' id='word_1_253' title='bbox 594 4205 685 4305; x_wconf 61' lang='lat' dir='ltr'>snos</span> <span class='ocrx_word' id='word_1_254' title='bbox 715 4188 954 4290; x_wconf 84' lang='lat' dir='ltr'>distributo,</span> <span class='ocrx_word' id='word_1_255' title='bbox 984 4195 1134 4308; x_wconf 87' lang='lat' dir='ltr'>quibus</span> <span class='ocrx_word' id='word_1_256' title='bbox 1163 4197 1320 4290; x_wconf 84' lang='lat' dir='ltr'>summis</span> <span class='ocrx_word' id='word_1_257' title='bbox 1350 4201 1661 4328; x_wconf 86' lang='lat' dir='ltr'>circunquaque</span> <span class='ocrx_word' id='word_1_258' title='bbox 1682 4189 1867 4309; x_wconf 85' lang='lat' dir='ltr'>dispositi</span> 
     </span>
     <span class='ocr_line' id='line_1_38' title="bbox 593 4297 1871 4430; baseline -0.003 -38"><span class='ocrx_word' id='word_1_259' title='bbox 593 4317 640 4409; x_wconf 66' lang='lat' dir='ltr'>tu</span> <span class='ocrx_word' id='word_1_260' title='bbox 665 4297 834 4418; x_wconf 81' lang='lat' dir='ltr'>spicam,</span> <span class='ocrx_word' id='word_1_261' title='bbox 869 4331 962 4426; x_wconf 77' lang='lat' dir='ltr'>que</span> <span class='ocrx_word' id='word_1_262' title='bbox 989 4309 1178 4406; x_wconf 85' lang='lat' dir='ltr'>deorsun</span> <span class='ocrx_word' id='word_1_263' title='bbox 1205 4311 1382 4430; x_wconf 84' lang='lat' dir='ltr'>pendet,</span> <span class='ocrx_word' id='word_1_264' title='bbox 1410 4315 1520 4406; x_wconf 78' lang='lat' dir='ltr'>affixi</span> <span class='ocrx_word' id='word_1_265' title='bbox 1547 4308 1759 4430; x_wconf 86' lang='lat' dir='ltr'>prodeunt</span> <span class='ocrx_word' id='word_1_266' title='bbox 1784 4299 1871 4409; x_wconf 63' lang='lat' dir='ltr'>sio,</span> 
     </span>
    </p>
   </div>
   <div class='ocr_carea' id='block_1_3' title="bbox 0 0 2064 5414">
    <p class='ocr_par' dir='ltr' id='par_1_6' title="bbox 0 0 2064 5414">
     <span class='ocr_line' id='line_1_39' title="bbox 0 0 2064 5414; baseline 0 4"><span class='ocrx_word' id='word_1_267' title='bbox 0 0 2064 5414; x_wconf 95' lang='lat' dir='ltr'> </span> 
     </span>
    </p>
   </div>
  </div>
 </body>
</html>
