4120 5414
173 384 318 475 ..tionis
339 375 558 499 expediam
581 441 593 475 ‚
620 401 667 468 ut
685 377 889 502 quidquid
925 380 1179 474 radia‘torum
1199 311 1470 486 florum⁷hoc

196 525 386 614 tempore
407 491 739 610 pertractandum
757 491 956 607 superest,
987 523 1073 580 uno
1096 496 1222 586 veluti
1238 500 1471 596 intuituco.

193 611 416 730 gnoscatia.
446 610 650 696 Retexens
672 608 814 722 itaque
844 603 1064 718 superioris
1086 608 1373 705 dill'ertationrs
1401 650 1470 708 or.

179 728 360 819 dinem,
390 716 466 806 illis
489 714 732 834 generibus,
762 743 855 836 quae
877 716 1025 804 ultimo
1039 717 1138 808 loco
1153 724 1329 814 vidimus
1356 725 1472 835 (fue.

192 867 239 924 re
261 861 397 924 autem
417 856 601 950 quorum
623 831 776 916 lemma¹
791 829 900 918 nuda
919 828 1151 949 'squamatis
1181 815 1366 929 thalamis
1400 873 1472 932 ex-

182 949 479 1066 cipiebantur)
509 969 557 1026 ea
579 943 755 1054 primum
776 941 1031 1040 subnecram,
1061 949 1217 1064 quaein
1239 949 1395 1036 summo
1416 955 1472 1042 se-

183 1060 343 1148 mines
368 1081 501 1144 uamas
519 1046 680 1154 ferunt;
710 1055 808 1142 idco
830 1054 882 1139 de
903 1070 1047 1170 Tagete
1060 1037 1370 1164 verbafacia'm3
1399 1069 1471 1152 do-

182 1174 287 1262 inde
307 1087 365 1258 al
381 1167 448 1254 illa
470 1164 671 1263 transibo,
700 1197 793 1284 quae
815 1161 996 1254 fructum
1068 1171 1290 1271 oducunt,
1328 1215 1329 1218 Ν
1362 1173 1468 1264 ualia
1535 1235 1539 1242 -

188 1283 267 1373 ell'e
286 1284 388 1372 novi
412 1281 828 1390 Chryfimthemoiden,
857 1279 903 1365 8(
938 1299 1010 1363 Cat
1037 1317 1097 1367 am
1121 1313 1134 1388 3
1166 1285 1312 1373 ultimo
1329 1199 1468 1386 (loco,

183 1423 281 1517 quae
300 1394 434 1480 semen
457 1395 502 1480 &
522 1392 748 1478 thalamum
766 1389 943 1485 habent,
973 1395 1205 1506 expendam
1216 1435 1231 1498 ,·
1260 1426 1378 1516 agam
1398 1430 1470 1490 au.

181 1531 271 1594 tem
291 1505 344 1592 de
365 1511 536 1600 Bellide,
566 1504 879 1618 Chryſsmthemo,
908 1509 1199 1604 Lara-raathemo,
1220 1524 1464 1609 Matricaria,

183 1621 392 1714 Abrotano,
422 1617 470 1702 &
492 1627 641 1700 Artemi
649 1647 687 1696 ra
709 1679 718 1697 .
744 1610 951 1701 Praesentis
979 1615 1117 1729 itaque
1139 1616 1336 1706 sermonis
1364 1625 1468 1712 sum-

181 1757 294 1818 mam
315 1725 508 1814 trifariam
528 1751 730 1841 propono
754 1789 767 1824 ,
796 1749 970 1840 eamque
994 1751 1122 1844 quum
1144 1725 1367 1820 breviilime
1390 1763 1468 1848 po-

181 1867 304 1942 tero,
334 1839 563 1929 absolvam.
1185 1857 1188 1864 ⁴

184 2095 189 2104 ·
290 2077 292 2080 ’
332 2070 468 2152 Prima
497 2063 638 2184 itaque
666 2060 866 2151 divisione
895 2061 1116 2176 incipiens,
1144 2061 1201 2150 de
1222 2074 1390 2181 Tagete,
1418 2089 1467 2154 ut

333 2176 534 2271 indicavi,
561 2179 742 2290 primum
768 2177 896 2264 verba
925 2172 1094 2272 faciam,
1111 2183 1239 2288 ¹cujus
1269 2201 1465 2266 naturam

185 2291 240 2384 ad
265 2295 378 2379 hunc
399 2287 572 2378 modum
592 2289 802 2376 enunciari
825 2285 937 2403 polle
962 2288 1225 2376 arbitramur.

299 2421 436 2518 Agetes
453 2405 504 2510 ss
517 2433 636 2515 genus
643 2395 1087 2518 floressrmiflosculoſsrs,
1118 2399 1463 2517 &flosculofirsprn

311 2527 406 2630 rpria
432 2519 549 2600 diuos
566 2523 611 2598 in
630 2515 786 2598 radiata
807 2521 974 2630 capitula
990 2519 1122 2630 ferens
1137 2516 1314 2625 argestes,
1342 2514 1390 2608 ὦ·
1409 2549 1468 2602 ca.-

182 2636 259 2738 lyce
278 2614 450 2714 tlrbulato
471 2633 514 2709 art
533 2637 679 2736 integro
700 2658 758 2709 ers
777 2632 1105 2740 circumplellenr,
1135 2657 1288 2740 quorum
1299 2627 1468 2740 embryr·

181 2773 248 2825 nes
257 2740 408 2848 semina
416 2741 521 2848 fiunt
537 2735 712 2844 oblonga,
730 2734 904 2845 squamis
923 2763 1096 2823 coronata
1106 2799 1120 2836 ,
1143 2742 1316 2856 nudoque
1336 2741 1467 2856 thalaj-

185 2881 284 2937 moa
318 2879 390 2930 xa·

190 3022 195 3034 .
241 2855 392 3046 lnffihoc
415 2977 553 3045 autem
571 2978 748 3069 genere,
776 2957 846 3043 etl'r
876 2968 1049 3076 perraro
1079 2959 1231 3053 soleam
1249 2963 1467 3052 Botanica-

182 3101 278 3160 rum
299 3097 440 3157 rerum
460 3067 667 3153 scientiam
696 3064 762 3156 vel
781 3071 1033 3161 auctoritate
1056 3075 1177 3164 vobis
1200 3078 1464 3166 commenda«

186 3215 263 3284 rc,
291 3180 359 3274 vel
382 3176 612 3294 exemplo,
644 3201 781 3265 tamen
803 3183 975 3275 multum
1005 3187 1198 3276 admirari
1226 3190 1362 3285 subit,
1391 3187 1466 3313 qui

183 3297 254 3384 fiat
276 3319 322 3384 ut
343 3295 533 3379 homines
554 3314 638 3378 tam
661 3294 812 3408 perditi
837 3357 851 3391 ,
878 3297 1028 3389 nullius
1059 3301 1230 3398 ‘udicii,
1260 3299 1466 3417 pravique

184 3407 345 3498 consilii
369 3405 567 3520 imperitae
588 3406 813 3516 juventutis
846 3411 1004 3494 animos
1027 3330 1080 3497 alr
1110 3414 1172 3496 his
1196 3411 1332 3498 studiis
1367 3439 1468 3500 avo-

185 3519 282 3610 care
313 3514 590 3618 contendant,
654 3515 743 3604 uo'd
766 3515 876 3602 'nihil
902 3521 943 3601 in
966 3520 1046 3605 hac
1070 3542 1159 3606 arte
1184 3522 1200 3624 (
1221 3517 1248 3604 fi
1270 3519 1360 3606 Diis
1380 3521 1467 3639 pla-r

185 3641 278 3744 cet)
309 3633 568 3749 reperiatur,
601 3545 653 3718 a]
673 3627 793 3747 quod
817 3632 965 3746 optimi
990 3630 1184 3754 cujusque
1206 3629 1336 3719 studia
1359 3665 1462 3722 con-

186 3739 401 3834 ferantur.
438 3745 568 3840 Nam,
598 3768 645 3832 ut
673 3744 837 3830 mittam
868 3741 1087 3844 utilitates,
1117 3743 1364 3844 commoda,
1390 3777 1463 3838 va,

184 3859 351 3978 r'iosque
372 3856 457 3945 usus
470 3919 493 3973 ³.
511 3885 605 3976 quae
625 3855 780 3942 Medici
801 3855 1045 3946 naturalium
1067 3886 1203 3945 rerum
1227 3849 1384 3986 periri,
1414 3859 1463 3945 &

184 3971 415 4062 universum
434 3968 675 4058 Mortalium
685 3995 825 4166 genus
852 3999 906 4054 ex
918 3968 1064 4085 plantis
1077 3975 1340 4085 percipiunt,
1373 3977 1462 4056 nori

185 4086 314 4176 video
338 4113 412 4175 cur
438 4105 523 4168 tam
542 4081 655 4179 vilis,
750 4083 912 4194 abjeua
932 4084 1018 4170 haec
1042 4112 1104 4171 ars
1129 4081 1463 4178 existimandasrt,

186 4222 313 4318 quam
334 4195 594 4286 nobilill‘rmus
623 4193 834 4317 quisque,
865 4197 913 4281 &
934 4196 1034 4310 saepe
1065 4199 1111 4281 in
1143 4195 1293 4283 summa
1323 4223 1463 4284 rerum

190 4311 539 4406 administratione
559 4307 832 4410 constitutus,
856 4306 929 4400 srbi
950 4303 1174 4434 lotentiam
1187 4309 1462 4512 ampleffii'tuo

252 4471 290 4510 η
1370 4449 1410 4512 C·
