<?xml version="1.0" encoding="UTF-8"?>
<!DOCTYPE html PUBLIC "-//W3C//DTD XHTML 1.0 Transitional//EN"
    "http://www.w3.org/TR/xhtml1/DTD/xhtml1-transitional.dtd">
<html xmlns="http://www.w3.org/1999/xhtml" xml:lang="en" lang="en">
 <head>
  <title>
</title>
<meta http-equiv="Content-Type" content="text/html;charset=utf-8" />
  <meta name='ocr-system' content='tesseract 3.04.00' />
  <meta name='ocr-capabilities' content='ocr_page ocr_carea ocr_par ocr_line ocrx_word'/>
</head>
<body>
  <div class='ocr_page' id='page_1' title='image "./juliipontederae00manfgoog_0477.png"; bbox 0 0 4126 5420; ppageno 0'>
   <div class='ocr_carea' id='block_1_1' title="bbox 495 151 521 200">
    <p class='ocr_par' dir='ltr' id='par_1_1' title="bbox 495 151 521 200">
     <span class='ocr_line' id='line_1_1' title="bbox 495 151 521 200; baseline 0 0"><span class='ocrx_word' id='word_1_1' title='bbox 495 151 521 200; x_wconf 71' lang='grc' dir='ltr'><strong>’.Ι</strong></span> 
     </span>
    </p>
   </div>
   <div class='ocr_carea' id='block_1_2' title="bbox 511 411 521 453">
    <p class='ocr_par' dir='ltr' id='par_1_2' title="bbox 511 411 521 453">
     <span class='ocr_line' id='line_1_2' title="bbox 511 411 521 453; baseline 0 0"><span class='ocrx_word' id='word_1_2' title='bbox 511 411 521 453; x_wconf 76' lang='lat' dir='ltr'><strong>i</strong></span> 
     </span>
    </p>
   </div>
   <div class='ocr_carea' id='block_1_3' title="bbox 594 203 1880 678">
    <p class='ocr_par' dir='ltr' id='par_1_3' title="bbox 594 203 1880 678">
     <span class='ocr_line' id='line_1_3' title="bbox 661 203 1601 324; baseline -0.009 -14"><span class='ocrx_word' id='word_1_3' title='bbox 661 227 754 314; x_wconf 75' lang='lat'><strong>128</strong></span> <span class='ocrx_word' id='word_1_4' title='bbox 889 203 1601 324; x_wconf 69' lang='lat' dir='ltr'><strong>ulssEllTATio</strong></span> 
     </span>
     <span class='ocr_line' id='line_1_4' title="bbox 594 325 1878 456; baseline -0.008 -31"><span class='ocrx_word' id='word_1_5' title='bbox 594 363 750 456; x_wconf 79' lang='lat' dir='ltr'>genere</span> <span class='ocrx_word' id='word_1_6' title='bbox 778 332 956 447; x_wconf 79' lang='lat' dir='ltr'><strong>ascaliam</strong></span> <span class='ocrx_word' id='word_1_7' title='bbox 983 325 1201 424; x_wconf 83' lang='lat' dir='ltr'>dicebant,</span> <span class='ocrx_word' id='word_1_8' title='bbox 1229 325 1448 414; x_wconf 88' lang='lat' dir='ltr'><strong>sedetiam</strong></span> <span class='ocrx_word' id='word_1_9' title='bbox 1476 349 1565 416; x_wconf 89' lang='lat' dir='ltr'><strong>ttiin</strong></span> <span class='ocrx_word' id='word_1_10' title='bbox 1592 326 1732 429; x_wconf 64' lang='lat' dir='ltr'><strong>foliis}</strong></span> <span class='ocrx_word' id='word_1_11' title='bbox 1756 335 1878 430; x_wconf 70' lang='lat' dir='ltr'><strong>caule</strong></span> 
     </span>
     <span class='ocr_line' id='line_1_5' title="bbox 594 438 1878 558; baseline -0.007 -22"><span class='ocrx_word' id='word_1_12' title='bbox 594 451 728 536; x_wconf 82' lang='lat' dir='ltr'><strong>adhuc</strong></span> <span class='ocrx_word' id='word_1_13' title='bbox 757 445 936 537; x_wconf 85' lang='lat' dir='ltr'><strong>latente,</strong></span> <span class='ocrx_word' id='word_1_14' title='bbox 965 462 1053 527; x_wconf 88' lang='lat' dir='ltr'><strong>tuni</strong></span> <span class='ocrx_word' id='word_1_15' title='bbox 1079 441 1240 535; x_wconf 84' lang='lat' dir='ltr'>radice,</span> <span class='ocrx_word' id='word_1_16' title='bbox 1268 438 1419 558; x_wconf 90' lang='lat' dir='ltr'><strong>quibus</strong></span> <span class='ocrx_word' id='word_1_17' title='bbox 1450 462 1560 532; x_wconf 84' lang='lat' dir='ltr'><strong>terta</strong></span> <span class='ocrx_word' id='word_1_18' title='bbox 1588 441 1773 544; x_wconf 83' lang='lat' dir='ltr'><strong>obrutis,</strong></span> <span class='ocrx_word' id='word_1_19' title='bbox 1792 477 1878 538; x_wconf 76' lang='lat' dir='ltr'><strong>ma.</strong></span> 
     </span>
     <span class='ocr_line' id='line_1_6' title="bbox 595 549 1880 678; baseline -0.001 -32"><span class='ocrx_word' id='word_1_20' title='bbox 595 558 820 678; x_wconf 84' lang='lat' dir='ltr'><strong>ceratisque</strong></span> <span class='ocrx_word' id='word_1_21' title='bbox 849 555 1064 648; x_wconf 83' lang='lat' dir='ltr'><strong>teneritas,</strong></span> <span class='ocrx_word' id='word_1_22' title='bbox 1093 551 1140 638; x_wconf 89' lang='lat'>&amp;</span> <span class='ocrx_word' id='word_1_23' title='bbox 1166 550 1336 638; x_wconf 85' lang='lat' dir='ltr'><strong>suavitas</strong></span> <span class='ocrx_word' id='word_1_24' title='bbox 1365 549 1495 636; x_wconf 91' lang='lat' dir='ltr'><strong>inest.</strong></span> <span class='ocrx_word' id='word_1_25' title='bbox 1539 554 1639 640; x_wconf 85' lang='lat' dir='ltr'><strong>Haec</strong></span> <span class='ocrx_word' id='word_1_26' title='bbox 1666 567 1782 643; x_wconf 73' lang='lat' dir='ltr'><strong>citios</strong></span> <span class='ocrx_word' id='word_1_27' title='bbox 1808 575 1880 676; x_wconf 75' lang='lat' dir='ltr'><strong>ap·&#39;</strong></span> 
     </span>
    </p>
   </div>
   <div class='ocr_carea' id='block_1_4' title="bbox 450 659 1881 786">
    <p class='ocr_par' dir='ltr' id='par_1_4' title="bbox 450 659 1881 786">
     <span class='ocr_line' id='line_1_7' title="bbox 450 659 1881 786; baseline 0.006 -32"><span class='ocrx_word' id='word_1_28' title='bbox 450 705 469 726; x_wconf 67' lang='lat'><strong><em>‘</em></strong></span> <span class='ocrx_word' id='word_1_29' title='bbox 593 667 940 786; x_wconf 83' lang='lat' dir='ltr'><strong>pellall&#39;e..veteres</strong></span> <span class='ocrx_word' id='word_1_30' title='bbox 979 661 1159 750; x_wconf 90' lang='lat' dir='ltr'><strong>creditur</strong></span> <span class='ocrx_word' id='word_1_31' title='bbox 1182 689 1195 764; x_wconf 85' lang='lat'>3</span> <span class='ocrx_word' id='word_1_32' title='bbox 1237 659 1394 752; x_wconf 88' lang='lat' dir='ltr'><strong>caulem</strong></span> <span class='ocrx_word' id='word_1_33' title='bbox 1421 691 1527 750; x_wconf 89' lang='lat' dir='ltr'><strong>vero</strong></span> <span class='ocrx_word' id='word_1_34' title='bbox 1556 691 1580 748; x_wconf 93' lang='lat' dir='ltr'><strong>e</strong></span> <span class='ocrx_word' id='word_1_35' title='bbox 1609 671 1730 754; x_wconf 83' lang='lat' dir='ltr'><strong>teria.</strong></span> <span class='ocrx_word' id='word_1_36' title='bbox 1746 681 1881 761; x_wconf 74' lang='lat' dir='ltr'><strong>etum·¹</strong></span> 
     </span>
    </p>
   </div>
   <div class='ocr_carea' id='block_1_5' title="bbox 575 772 1882 3919">
    <p class='ocr_par' dir='ltr' id='par_1_5' title="bbox 591 772 1882 1230">
     <span class='ocr_line' id='line_1_8' title="bbox 592 772 1881 899; baseline -0.005 -30"><span class='ocrx_word' id='word_1_37' title='bbox 592 808 761 898; x_wconf 88' lang='lat' dir='ltr'><strong>pentem</strong></span> <span class='ocrx_word' id='word_1_38' title='bbox 782 788 988 899; x_wconf 79' lang='lat' dir='ltr'><strong>pternica,</strong></span> <span class='ocrx_word' id='word_1_39' title='bbox 1020 775 1099 861; x_wconf 83' lang='lat' dir='ltr'><strong>llic</strong></span> <span class='ocrx_word' id='word_1_40' title='bbox 1126 772 1219 859; x_wconf 84' lang='lat' dir='ltr'><strong>sane</strong></span> <span class='ocrx_word' id='word_1_41' title='bbox 1246 798 1387 892; x_wconf 85' lang='lat' dir='ltr'><strong>gratus</strong></span> <span class='ocrx_word' id='word_1_42' title='bbox 1417 775 1461 858; x_wconf 92' lang='lat' dir='ltr'><strong>in</strong></span> <span class='ocrx_word' id='word_1_43' title='bbox 1489 773 1588 863; x_wconf 88' lang='lat' dir='ltr'><strong>cibis</strong></span> <span class='ocrx_word' id='word_1_44' title='bbox 1619 775 1712 875; x_wconf 87' lang='lat' dir='ltr'><strong>est,</strong></span> <span class='ocrx_word' id='word_1_45' title='bbox 1742 780 1881 873; x_wconf 75' lang='lat' dir='ltr'><strong>detra.</strong></span> 
     </span>
     <span class='ocr_line' id='line_1_9' title="bbox 593 887 1882 1000; baseline -0.006 -17"><span class='ocrx_word' id='word_1_46' title='bbox 593 895 666 984; x_wconf 73' lang='lat' dir='ltr'><strong>eto</strong></span> <span class='ocrx_word' id='word_1_47' title='bbox 695 897 852 983; x_wconf 87' lang='lat' dir='ltr'><strong>cortice</strong></span> <span class='ocrx_word' id='word_1_48' title='bbox 874 951 886 988; x_wconf 84' lang='lat'>,</span> <span class='ocrx_word' id='word_1_49' title='bbox 908 887 1108 974; x_wconf 92' lang='lat' dir='ltr'><strong>si.edendi</strong></span> <span class='ocrx_word' id='word_1_50' title='bbox 1140 891 1438 1000; x_wconf 79' lang='lat' dir='ltr'>opportunitas</span> <span class='ocrx_word' id='word_1_51' title='bbox 1470 887 1674 984; x_wconf 79' lang='lat' dir='ltr'><strong>serverin.-</strong></span> <span class='ocrx_word' id='word_1_52' title='bbox 1709 920 1807 983; x_wconf 78' lang='lat' dir='ltr'><strong>nain</strong></span> <span class='ocrx_word' id='word_1_53' title='bbox 1824 899 1882 983; x_wconf 84' lang='lat' dir='ltr'><strong>ci.</strong></span> 
     </span>
     <span class='ocr_line' id='line_1_10' title="bbox 591 999 1880 1120; baseline -0.003 -22"><span class='ocrx_word' id='word_1_54' title='bbox 591 1008 736 1098; x_wconf 73' lang='lat' dir='ltr'><strong>tissime</strong></span> <span class='ocrx_word' id='word_1_55' title='bbox 765 1001 943 1120; x_wconf 86' lang='lat' dir='ltr'><strong>lignosus</strong></span> <span class='ocrx_word' id='word_1_56' title='bbox 964 999 1121 1118; x_wconf 86' lang='lat' dir='ltr'><strong>evadit.</strong></span> <span class='ocrx_word' id='word_1_57' title='bbox 1150 1001 1248 1088; x_wconf 85' lang='lat' dir='ltr'><strong>Haec</strong></span> <span class='ocrx_word' id='word_1_58' title='bbox 1270 1027 1405 1118; x_wconf 86' lang='lat' dir='ltr'><strong>potio</strong></span> <span class='ocrx_word' id='word_1_59' title='bbox 1426 1001 1647 1118; x_wconf 87' lang='lat' dir='ltr'><strong>commoda</strong></span> <span class='ocrx_word' id='word_1_60' title='bbox 1669 1005 1804 1096; x_wconf 85' lang='lat' dir='ltr'><strong>adhuc</strong></span> <span class='ocrx_word' id='word_1_61' title='bbox 1823 1037 1880 1120; x_wconf 74' lang='lat' dir='ltr'><strong>eie</strong></span> 
     </span>
     <span class='ocr_line' id='line_1_11' title="bbox 592 1113 1036 1230; baseline -0.025 -22"><span class='ocrx_word' id='word_1_62' title='bbox 592 1123 735 1208; x_wconf 78' lang='lat' dir='ltr'><em>Cinara</em></span> <span class='ocrx_word' id='word_1_63' title='bbox 766 1113 1036 1230; x_wconf 84' lang='lat' dir='ltr'><strong>percipimus.</strong></span> 
     </span>
    </p>

    <p class='ocr_par' dir='ltr' id='par_1_6' title="bbox 590 1221 1877 2350">
     <span class='ocr_line' id='line_1_12' title="bbox 594 1221 1874 1345; baseline 0.003 -39"><span class='ocrx_word' id='word_1_64' title='bbox 594 1291 603 1306; x_wconf 84' lang='lat'><strong>.</strong></span> <span class='ocrx_word' id='word_1_65' title='bbox 649 1231 799 1345; x_wconf 86' lang='lat' dir='ltr'>Neque</span> <span class='ocrx_word' id='word_1_66' title='bbox 817 1222 947 1310; x_wconf 90' lang='lat' dir='ltr'><strong>solum</strong></span> <span class='ocrx_word' id='word_1_67' title='bbox 968 1227 1012 1308; x_wconf 88' lang='lat' dir='ltr'><strong>in</strong></span> <span class='ocrx_word' id='word_1_68' title='bbox 1036 1221 1176 1313; x_wconf 87' lang='lat' dir='ltr'><strong>mensis</strong></span> <span class='ocrx_word' id='word_1_69' title='bbox 1203 1224 1481 1316; x_wconf 73' lang='lat' dir='ltr'><strong>celebritatem</strong></span> <span class='ocrx_word' id='word_1_70' title='bbox 1500 1227 1700 1344; x_wconf 87' lang='lat' dir='ltr'>obtinuit,</span> <span class='ocrx_word' id='word_1_71' title='bbox 1724 1229 1792 1316; x_wconf 89' lang='lat' dir='ltr'><strong>sed</strong></span> <span class='ocrx_word' id='word_1_72' title='bbox 1813 1225 1874 1318; x_wconf 83' lang='lat' dir='ltr'><strong>ei..</strong></span> 
     </span>
     <span class='ocr_line' id='line_1_13' title="bbox 591 1334 1872 1448; baseline -0.004 -23"><span class='ocrx_word' id='word_1_73' title='bbox 591 1339 673 1426; x_wconf 89' lang='lat' dir='ltr'><strong>iani</strong></span> <span class='ocrx_word' id='word_1_74' title='bbox 706 1341 749 1426; x_wconf 91' lang='lat' dir='ltr'><strong>in</strong></span> <span class='ocrx_word' id='word_1_75' title='bbox 781 1334 1154 1430; x_wconf 87' lang='lat' dir='ltr'><strong>Medicinalocuni</strong></span> <span class='ocrx_word' id='word_1_76' title='bbox 1179 1336 1338 1428; x_wconf 88' lang='lat' dir='ltr'><strong>invenit</strong></span> <span class='ocrx_word' id='word_1_77' title='bbox 1356 1373 1372 1448; x_wconf 81' lang='lat'>3</span> <span class='ocrx_word' id='word_1_78' title='bbox 1393 1365 1491 1430; x_wconf 84' lang='lat' dir='ltr'><strong>nani</strong></span> <span class='ocrx_word' id='word_1_79' title='bbox 1513 1340 1564 1426; x_wconf 83' lang='lat' dir='ltr'><strong>ad</strong></span> <span class='ocrx_word' id='word_1_80' title='bbox 1588 1343 1745 1429; x_wconf 86' lang='lat' dir='ltr'><strong>utinam</strong></span> <span class='ocrx_word' id='word_1_81' title='bbox 1762 1343 1872 1429; x_wconf 84' lang='lat' dir='ltr'><strong>citii..</strong></span> 
     </span>
     <span class='ocr_line' id='line_1_14' title="bbox 591 1447 1870 1572; baseline -0.006 -32"><span class='ocrx_word' id='word_1_82' title='bbox 591 1451 688 1540; x_wconf 86' lang='lat' dir='ltr'><strong>dam</strong></span> <span class='ocrx_word' id='word_1_83' title='bbox 707 1448 993 1561; x_wconf 82' lang='lat' dir='ltr'><strong>maximopere</strong></span> <span class='ocrx_word' id='word_1_84' title='bbox 1016 1449 1121 1538; x_wconf 90' lang='lat' dir='ltr'><strong>utilis</strong></span> <span class='ocrx_word' id='word_1_85' title='bbox 1144 1447 1322 1540; x_wconf 84' lang='lat' dir='ltr'><strong>habetur</strong></span> <span class='ocrx_word' id='word_1_86' title='bbox 1347 1517 1361 1554; x_wconf 87' lang='lat'><strong>,</strong></span> <span class='ocrx_word' id='word_1_87' title='bbox 1395 1452 1508 1542; x_wconf 86' lang='lat' dir='ltr'><strong>&amp;in</strong></span> <span class='ocrx_word' id='word_1_88' title='bbox 1535 1451 1761 1572; x_wconf 88' lang='lat' dir='ltr'><strong>Zithogalo</strong></span> <span class='ocrx_word' id='word_1_89' title='bbox 1783 1455 1870 1558; x_wconf 58' lang='lat' dir='ltr'><strong>(lia</strong></span> 
     </span>
     <span class='ocr_line' id='line_1_15' title="bbox 592 1559 1869 1682; baseline 0.004 -33"><span class='ocrx_word' id='word_1_90' title='bbox 592 1590 707 1682; x_wconf 89' lang='lat' dir='ltr'><strong>quor</strong></span> <span class='ocrx_word' id='word_1_91' title='bbox 726 1563 796 1650; x_wconf 83' lang='lat' dir='ltr'><strong>liic</strong></span> <span class='ocrx_word' id='word_1_92' title='bbox 818 1586 945 1678; x_wconf 91' lang='lat' dir='ltr'><strong>quem</strong></span> <span class='ocrx_word' id='word_1_93' title='bbox 964 1561 1313 1675; x_wconf 76' lang='lat' dir='ltr'><strong>septentrionales</strong></span> <span class='ocrx_word' id='word_1_94' title='bbox 1341 1559 1489 1677; x_wconf 91' lang='lat' dir='ltr'><strong>populi</strong></span> <span class='ocrx_word' id='word_1_95' title='bbox 1511 1561 1565 1646; x_wconf 91' lang='lat' dir='ltr'><strong>de</strong></span> <span class='ocrx_word' id='word_1_96' title='bbox 1591 1563 1785 1654; x_wconf 76' lang='lat' dir='ltr'><strong>cerevisia</strong></span> <span class='ocrx_word' id='word_1_97' title='bbox 1800 1567 1869 1662; x_wconf 71' lang='grc' dir='ltr'><strong>,δε</strong></span> 
     </span>
     <span class='ocr_line' id='line_1_16' title="bbox 590 1671 1877 1792; baseline -0.012 -21"><span class='ocrx_word' id='word_1_98' title='bbox 590 1671 787 1772; x_wconf 71' lang='lat' dir='ltr'><strong>laetenti</strong></span> <span class='ocrx_word' id='word_1_99' title='bbox 807 1692 954 1786; x_wconf 78' lang='lat' dir='ltr'><strong>patant</strong></span> <span class='ocrx_word' id='word_1_100' title='bbox 973 1679 989 1780; x_wconf 70' lang='lat' dir='ltr'><strong>l</strong></span> <span class='ocrx_word' id='word_1_101' title='bbox 1010 1696 1215 1759; x_wconf 82' lang='lat' dir='ltr'><strong>macerata</strong></span> <span class='ocrx_word' id='word_1_102' title='bbox 1238 1674 1291 1760; x_wconf 87' lang='lat' dir='ltr'><strong>ad</strong></span> <span class='ocrx_word' id='word_1_103' title='bbox 1313 1672 1508 1760; x_wconf 86' lang='lat' dir='ltr'><strong>morbum</strong></span> <span class='ocrx_word' id='word_1_104' title='bbox 1530 1693 1750 1788; x_wconf 82' lang='lat' dir='ltr'><strong>arquatum</strong></span> <span class='ocrx_word' id='word_1_105' title='bbox 1772 1704 1877 1792; x_wconf 71' lang='lat' dir='ltr'><strong>pro..</strong></span> 
     </span>
     <span class='ocr_line' id='line_1_17' title="bbox 590 1782 1872 1906; baseline 0.002 -32"><span class='ocrx_word' id='word_1_106' title='bbox 590 1784 824 1906; x_wconf 86' lang='lat' dir='ltr'><strong>iligandum</strong></span> <span class='ocrx_word' id='word_1_107' title='bbox 843 1782 1013 1896; x_wconf 68' lang='lat' dir='ltr'><strong>presens</strong></span> <span class='ocrx_word' id='word_1_108' title='bbox 1047 1784 1277 1880; x_wconf 84' lang='lat' dir='ltr'><strong>celebratur</strong></span> <span class='ocrx_word' id='word_1_109' title='bbox 1301 1785 1556 1873; x_wconf 87' lang='lat' dir='ltr'><strong>remedium.</strong></span> <span class='ocrx_word' id='word_1_110' title='bbox 1584 1789 1820 1874; x_wconf 79' lang='lat' dir='ltr'><strong>Haeevero</strong></span> <span class='ocrx_word' id='word_1_111' title='bbox 1845 1821 1872 1876; x_wconf 85' lang='lat' dir='ltr'><strong>a</strong></span> 
     </span>
     <span class='ocr_line' id='line_1_18' title="bbox 590 1893 1861 2016; baseline 0.002 -34"><span class='ocrx_word' id='word_1_112' title='bbox 590 1895 797 2016; x_wconf 85' lang='lat' dir='ltr'><strong>plerisque</strong></span> <span class='ocrx_word' id='word_1_113' title='bbox 820 1893 1080 2010; x_wconf 88' lang='lat' dir='ltr'><strong>probantur.</strong></span> <span class='ocrx_word' id='word_1_114' title='bbox 1109 1904 1167 1982; x_wconf 90' lang='lat' dir='ltr'><strong>At</strong></span> <span class='ocrx_word' id='word_1_115' title='bbox 1193 1927 1319 1998; x_wconf 86' lang='lat' dir='ltr'><strong>vero,</strong></span> <span class='ocrx_word' id='word_1_116' title='bbox 1347 1897 1465 2016; x_wconf 88' lang='lat' dir='ltr'><strong>quod</strong></span> <span class='ocrx_word' id='word_1_117' title='bbox 1487 1908 1629 1983; x_wconf 77' lang='lat' dir='ltr'><strong>Cinara</strong></span> <span class='ocrx_word' id='word_1_118' title='bbox 1655 1897 1861 1985; x_wconf 82' lang='lat' dir='ltr'><strong>radicibus</strong></span> 
     </span>
     <span class='ocr_line' id='line_1_19' title="bbox 591 2007 1868 2134; baseline 0.003 -39"><span class='ocrx_word' id='word_1_119' title='bbox 591 2010 661 2104; x_wconf 78' lang='lat' dir='ltr'><strong>vel</strong></span> <span class='ocrx_word' id='word_1_120' title='bbox 690 2037 744 2095; x_wconf 85' lang='lat' dir='ltr'><strong>ex</strong></span> <span class='ocrx_word' id='word_1_121' title='bbox 765 2037 883 2125; x_wconf 80' lang='lat' dir='ltr'><strong>aqua</strong></span> <span class='ocrx_word' id='word_1_122' title='bbox 914 2007 1083 2134; x_wconf 88' lang='lat' dir='ltr'><strong>pluviali</strong></span> <span class='ocrx_word' id='word_1_123' title='bbox 1111 2007 1296 2097; x_wconf 76' lang='lat' dir='ltr'><strong>decoeeis</strong></span> <span class='ocrx_word' id='word_1_124' title='bbox 1326 2037 1395 2098; x_wconf 89' lang='lat' dir='ltr'><strong>aut</strong></span> <span class='ocrx_word' id='word_1_125' title='bbox 1421 2013 1667 2110; x_wconf 87' lang='lat' dir='ltr'><strong>maceratis,</strong></span> <span class='ocrx_word' id='word_1_126' title='bbox 1704 2007 1775 2098; x_wconf 86' lang='lat' dir='ltr'><strong>vel</strong></span> <span class='ocrx_word' id='word_1_127' title='bbox 1811 2037 1868 2100; x_wconf 79' lang='lat' dir='ltr'><strong>eit</strong></span> 
     </span>
     <span class='ocr_line' id='line_1_20' title="bbox 591 2116 1864 2238; baseline 0 -32"><span class='ocrx_word' id='word_1_128' title='bbox 591 2124 705 2213; x_wconf 85' lang='lat' dir='ltr'><strong>vino¹</strong></span> <span class='ocrx_word' id='word_1_129' title='bbox 719 2117 815 2211; x_wconf 89' lang='lat' dir='ltr'><strong>albo</strong></span> <span class='ocrx_word' id='word_1_130' title='bbox 844 2121 948 2204; x_wconf 88' lang='lat' dir='ltr'><strong>tritis</strong></span> <span class='ocrx_word' id='word_1_131' title='bbox 978 2119 1057 2217; x_wconf 87' lang='lat' dir='ltr'><strong>illi.</strong></span> <span class='ocrx_word' id='word_1_132' title='bbox 1086 2123 1162 2238; x_wconf 91' lang='lat' dir='ltr'><strong>qui</strong></span> <span class='ocrx_word' id='word_1_133' title='bbox 1180 2121 1249 2208; x_wconf 90' lang='lat' dir='ltr'><strong>lue</strong></span> <span class='ocrx_word' id='word_1_134' title='bbox 1280 2127 1467 2230; x_wconf 77' lang='lat' dir='ltr'><strong>Venerei</strong></span> <span class='ocrx_word' id='word_1_135' title='bbox 1495 2116 1709 2219; x_wconf 84' lang='lat' dir='ltr'><strong>laborant,</strong></span> <span class='ocrx_word' id='word_1_136' title='bbox 1735 2121 1864 2208; x_wconf 68' lang='lat' dir='ltr'><strong>citiffi«</strong></span> 
     </span>
     <span class='ocr_line' id='line_1_21' title="bbox 594 2231 1660 2350; baseline 0 -30"><span class='ocrx_word' id='word_1_137' title='bbox 594 2262 662 2324; x_wconf 88' lang='lat' dir='ltr'><strong>ine</strong></span> <span class='ocrx_word' id='word_1_138' title='bbox 690 2231 743 2324; x_wconf 82' lang='lat' dir='ltr'><strong>ad</strong></span> <span class='ocrx_word' id='word_1_139' title='bbox 770 2231 980 2320; x_wconf 82' lang='lat' dir='ltr'><strong>sanitatem</strong></span> <span class='ocrx_word' id='word_1_140' title='bbox 1007 2231 1292 2333; x_wconf 87' lang='lat' dir='ltr'><strong>restituantur,</strong></span> <span class='ocrx_word' id='word_1_141' title='bbox 1319 2234 1458 2350; x_wconf 85' lang='lat' dir='ltr'><strong>paucis</strong></span> <span class='ocrx_word' id='word_1_142' title='bbox 1487 2257 1660 2323; x_wconf 87' lang='lat' dir='ltr'><strong>notum.</strong></span> 
     </span>
    </p>

    <p class='ocr_par' dir='ltr' id='par_1_7' title="bbox 587 2343 1881 3246">
     <span class='ocr_line' id='line_1_22' title="bbox 682 2343 1881 2456; baseline -0.005 -20"><span class='ocrx_word' id='word_1_143' title='bbox 682 2345 1079 2456; x_wconf 66' lang='lat' dir='ltr'><strong>,cicomariam</strong></span> <span class='ocrx_word' id='word_1_144' title='bbox 1106 2346 1350 2446; x_wconf 83' lang='lat' dir='ltr'><strong>Auditores,</strong></span> <span class='ocrx_word' id='word_1_145' title='bbox 1381 2347 1508 2434; x_wconf 86' lang='lat' dir='ltr'><strong>tertio</strong></span> <span class='ocrx_word' id='word_1_146' title='bbox 1536 2344 1638 2433; x_wconf 93' lang='lat' dir='ltr'><strong>loco</strong></span> <span class='ocrx_word' id='word_1_147' title='bbox 1666 2345 1720 2431; x_wconf 86' lang='lat' dir='ltr'><strong>ad</strong></span> <span class='ocrx_word' id='word_1_148' title='bbox 1753 2343 1881 2456; x_wconf 67' lang='lat' dir='ltr'><strong>Cirfis·</strong></span> 
     </span>
     <span class='ocr_line' id='line_1_23' title="bbox 736 2449 1865 2572; baseline 0.006 -33"><span class='ocrx_word' id='word_1_149' title='bbox 736 2489 800 2539; x_wconf 82' lang='lat' dir='ltr'><strong>um</strong></span> <span class='ocrx_word' id='word_1_150' title='bbox 826 2449 1023 2554; x_wconf 82' lang='lat' dir='ltr'><strong>floribus,</strong></span> <span class='ocrx_word' id='word_1_151' title='bbox 1057 2457 1264 2570; x_wconf 86' lang='lat' dir='ltr'><strong>capitulis,</strong></span> <span class='ocrx_word' id='word_1_152' title='bbox 1294 2457 1533 2556; x_wconf 88' lang='lat' dir='ltr'><strong>seminibus,</strong></span> <span class='ocrx_word' id='word_1_153' title='bbox 1562 2457 1865 2572; x_wconf 73' lang='lat' dir='ltr'><strong>aspediuetiani</strong></span> 
     </span>
     <span class='ocr_line' id='line_1_24' title="bbox 587 2564 1862 2682; baseline 0 -28"><span class='ocrx_word' id='word_1_154' title='bbox 587 2576 753 2654; x_wconf 81' lang='lat' dir='ltr'><strong>carduis</strong></span> <span class='ocrx_word' id='word_1_155' title='bbox 790 2564 1023 2682; x_wconf 73' lang='lat' dir='ltr'><strong>persimile:</strong></span> <span class='ocrx_word' id='word_1_156' title='bbox 1061 2568 1337 2668; x_wconf 86' lang='lat' dir='ltr'><strong>disciminatur</strong></span> <span class='ocrx_word' id='word_1_157' title='bbox 1361 2598 1463 2661; x_wconf 84' lang='lat' dir='ltr'><strong>vero</strong></span> <span class='ocrx_word' id='word_1_158' title='bbox 1492 2569 1545 2662; x_wconf 77' lang='lat' dir='ltr'><strong>de</strong></span> <span class='ocrx_word' id='word_1_159' title='bbox 1573 2564 1862 2654; x_wconf 89' lang='lat' dir='ltr'><strong>Touineforti&#39;i</strong></span> 
     </span>
     <span class='ocr_line' id='line_1_25' title="bbox 587 2677 1861 2814; baseline -0.006 -40"><span class='ocrx_word' id='word_1_160' title='bbox 587 2677 784 2780; x_wconf 80' lang='lat' dir='ltr'><strong>sententia</strong></span> <span class='ocrx_word' id='word_1_161' title='bbox 804 2681 1080 2795; x_wconf 84' lang='lat' dir='ltr'><strong>capitulorum</strong></span> <span class='ocrx_word' id='word_1_162' title='bbox 1101 2681 1298 2810; x_wconf 82' lang='lat' dir='ltr'><strong>squamis,</strong></span> <span class='ocrx_word' id='word_1_163' title='bbox 1328 2707 1679 2814; x_wconf 78' lang='lat' dir='ltr'><strong>nequaquaquam</strong></span> <span class='ocrx_word' id='word_1_164' title='bbox 1701 2679 1861 2768; x_wconf 79' lang='lat' dir='ltr'><strong>aculea-</strong></span> 
     </span>
     <span class='ocr_line' id='line_1_26' title="bbox 591 2792 1861 2895; baseline 0.002 -17"><span class='ocrx_word' id='word_1_165' title='bbox 591 2794 665 2878; x_wconf 90' lang='lat' dir='ltr'><strong>tis.</strong></span> <span class='ocrx_word' id='word_1_166' title='bbox 693 2795 788 2880; x_wconf 92' lang='lat' dir='ltr'><strong>Hoc</strong></span> <span class='ocrx_word' id='word_1_167' title='bbox 817 2815 956 2884; x_wconf 87' lang='lat' dir='ltr'><strong>autem</strong></span> <span class='ocrx_word' id='word_1_168' title='bbox 980 2857 1010 2894; x_wconf 90' lang='lat'><strong>,.</strong></span> <span class='ocrx_word' id='word_1_169' title='bbox 1032 2819 1079 2881; x_wconf 91' lang='lat' dir='ltr'><strong>ut</strong></span> <span class='ocrx_word' id='word_1_170' title='bbox 1104 2797 1276 2895; x_wconf 85' lang='lat' dir='ltr'><strong>videtis,</strong></span> <span class='ocrx_word' id='word_1_171' title='bbox 1303 2798 1352 2882; x_wconf 88' lang='lat' dir='ltr'><strong>in</strong></span> <span class='ocrx_word' id='word_1_172' title='bbox 1378 2797 1568 2884; x_wconf 86' lang='lat' dir='ltr'><strong>omnibus</strong></span> <span class='ocrx_word' id='word_1_173' title='bbox 1595 2792 1762 2882; x_wconf 84' lang='lat' dir='ltr'><strong>mininie</strong></span> <span class='ocrx_word' id='word_1_174' title='bbox 1790 2819 1861 2881; x_wconf 56' lang='lat' dir='ltr'><strong>ve*</strong></span> 
     </span>
     <span class='ocr_line' id='line_1_27' title="bbox 587 2903 1859 3034; baseline 0 -44"><span class='ocrx_word' id='word_1_175' title='bbox 587 2923 680 2992; x_wconf 87' lang='lat' dir='ltr'><strong>tum</strong></span> <span class='ocrx_word' id='word_1_176' title='bbox 706 2941 722 3003; x_wconf 89' lang='lat'><strong>,·</strong></span> <span class='ocrx_word' id='word_1_177' title='bbox 751 2931 849 2993; x_wconf 84' lang='lat' dir='ltr'><strong>nain</strong></span> <span class='ocrx_word' id='word_1_178' title='bbox 874 2903 963 2998; x_wconf 76' lang='lat' dir='ltr'><strong>hnc</strong></span> <span class='ocrx_word' id='word_1_179' title='bbox 991 2937 1016 2993; x_wconf 91' lang='lat' dir='ltr'><strong>e</strong></span> <span class='ocrx_word' id='word_1_180' title='bbox 1042 2909 1244 3019; x_wconf 81' lang='lat' dir='ltr'><strong>Cirfiorurr</strong></span> <span class='ocrx_word' id='word_1_181' title='bbox 1269 2937 1424 3027; x_wconf 85' lang='lat' dir='ltr'><strong>genere</strong></span> <span class='ocrx_word' id='word_1_182' title='bbox 1452 2907 1660 3024; x_wconf 82' lang='lat' dir='ltr'><strong>capitula,</strong></span> <span class='ocrx_word' id='word_1_183' title='bbox 1686 2905 1859 3034; x_wconf 82' lang='lat' dir='ltr'><strong>squamis</strong></span> 
     </span>
     <span class='ocr_line' id='line_1_28' title="bbox 590 3019 1861 3212; baseline -0.005 -106"><span class='ocrx_word' id='word_1_184' title='bbox 590 3019 818 3212; x_wconf 53' lang='lat' dir='ltr'><strong>cinquntur</strong></span> <span class='ocrx_word' id='word_1_185' title='bbox 847 3019 889 3104; x_wconf 88' lang='lat' dir='ltr'><strong>in</strong></span> <span class='ocrx_word' id='word_1_186' title='bbox 920 3019 1064 3110; x_wconf 81' lang='lat' dir='ltr'><strong>breves</strong></span> <span class='ocrx_word' id='word_1_187' title='bbox 1093 3021 1260 3108; x_wconf 83' lang='lat' dir='ltr'><strong>aculeos</strong></span> <span class='ocrx_word' id='word_1_188' title='bbox 1288 3021 1583 3106; x_wconf 78' lang='lat' dir='ltr'><strong>desinentibus.</strong></span> <span class='ocrx_word' id='word_1_189' title='bbox 1610 3022 1702 3102; x_wconf 84' lang='lat' dir='ltr'><strong>Nos</strong></span> <span class='ocrx_word' id='word_1_190' title='bbox 1717 3019 1861 3132; x_wconf 62' lang='lat' dir='ltr'><strong>igitue·</strong></span> 
     </span>
     <span class='ocr_line' id='line_1_29' title="bbox 595 3125 1835 3246; baseline 0.002 -33"><span class='ocrx_word' id='word_1_191' title='bbox 595 3148 642 3214; x_wconf 88' lang='lat' dir='ltr'><strong>tit</strong></span> <span class='ocrx_word' id='word_1_192' title='bbox 689 3125 754 3212; x_wconf 80' lang='lat' dir='ltr'><strong>‘oc</strong></span> <span class='ocrx_word' id='word_1_193' title='bbox 782 3155 912 3246; x_wconf 81' lang='lat' dir='ltr'><strong>genus</strong></span> <span class='ocrx_word' id='word_1_194' title='bbox 932 3126 1207 3225; x_wconf 73' lang='lat' dir='ltr'><strong>,tsetin&#39;eainiis,</strong></span> <span class='ocrx_word' id='word_1_195' title='bbox 1237 3126 1565 3238; x_wconf 81' lang='lat' dir='ltr'><strong>aliudponi&#39;mus</strong></span> <span class='ocrx_word' id='word_1_196' title='bbox 1592 3127 1835 3216; x_wconf 87' lang='lat' dir='ltr'><strong>discrimen.</strong></span> 
     </span>
    </p>

    <p class='ocr_par' dir='ltr' id='par_1_8' title="bbox 575 3237 1869 3696">
     <span class='ocr_line' id='line_1_30' title="bbox 607 3237 1869 3359; baseline -0.009 -23"><span class='ocrx_word' id='word_1_197' title='bbox 607 3319 615 3336; x_wconf 93' lang='lat'><strong>.</strong></span> <span class='ocrx_word' id='word_1_198' title='bbox 642 3237 833 3336; x_wconf 81' lang='lat' dir='ltr'><strong>Diximus.</strong></span> <span class='ocrx_word' id='word_1_199' title='bbox 863 3267 1087 3359; x_wconf 77' lang='lat' dir='ltr'><strong>propterea</strong></span> <span class='ocrx_word' id='word_1_200' title='bbox 1116 3240 1303 3347; x_wconf 75' lang='lat' dir='ltr'><strong>Cirfium,</strong></span> <span class='ocrx_word' id='word_1_201' title='bbox 1330 3241 1429 3354; x_wconf 81' lang='lat' dir='ltr'><strong>quod</strong></span> <span class='ocrx_word' id='word_1_202' title='bbox 1454 3271 1537 3320; x_wconf 81' lang='lat' dir='ltr'><strong>irim</strong></span> <span class='ocrx_word' id='word_1_203' title='bbox 1559 3246 1750 3352; x_wconf 69' lang='lat' dir='ltr'><strong>gesseritis</strong></span> <span class='ocrx_word' id='word_1_204' title='bbox 1770 3243 1869 3354; x_wconf 37' lang='lat' dir='ltr'><strong>liiii--¹</strong></span> 
     </span>
     <span class='ocr_line' id='line_1_31' title="bbox 584 3348 1864 3467; baseline -0.007 -27"><span class='ocrx_word' id='word_1_205' title='bbox 584 3355 690 3446; x_wconf 79' lang='lat' dir='ltr'><strong>&#39;tibris</strong></span> <span class='ocrx_word' id='word_1_206' title='bbox 720 3360 912 3448; x_wconf 80' lang='lat' dir='ltr'><strong>carduum</strong></span> <span class='ocrx_word' id='word_1_207' title='bbox 941 3359 1113 3467; x_wconf 77' lang='lat' dir='ltr'><strong>referat,</strong></span> <span class='ocrx_word' id='word_1_208' title='bbox 1143 3355 1329 3465; x_wconf 53' lang='lat' dir='ltr'><strong>capitulae</strong></span> <span class='ocrx_word' id='word_1_209' title='bbox 1357 3348 1405 3446; x_wconf 69' lang='grc' dir='ltr'><strong>ό·</strong></span> <span class='ocrx_word' id='word_1_210' title='bbox 1423 3355 1528 3466; x_wconf 77' lang='lat' dir='ltr'><strong>fiilia</strong></span> <span class='ocrx_word' id='word_1_211' title='bbox 1557 3349 1792 3444; x_wconf 80' lang='lat' dir='ltr'><strong>mitioribus,</strong></span> <span class='ocrx_word' id='word_1_212' title='bbox 1814 3349 1864 3447; x_wconf 63' lang='grc' dir='ltr'><strong>ὦ·</strong></span> 
     </span>
     <span class='ocr_line' id='line_1_32' title="bbox 575 3467 1861 3595; baseline -0.001 -42"><span class='ocrx_word' id='word_1_213' title='bbox 575 3471 671 3595; x_wconf 79' lang='lat' dir='ltr'><strong>fere</strong></span> <span class='ocrx_word' id='word_1_214' title='bbox 699 3477 866 3554; x_wconf 79' lang='lat' dir='ltr'><strong>innocuis</strong></span> <span class='ocrx_word' id='word_1_215' title='bbox 880 3472 1005 3582; x_wconf 84' lang='lat' dir='ltr'><strong>spiiiis</strong></span> <span class='ocrx_word' id='word_1_216' title='bbox 1030 3472 1168 3568; x_wconf 68' lang='lat' dir='ltr'><strong>donata</strong></span> <span class='ocrx_word' id='word_1_217' title='bbox 1189 3467 1404 3582; x_wconf 84' lang='lat' dir='ltr'><strong>producit,</strong></span> <span class='ocrx_word' id='word_1_218' title='bbox 1442 3467 1585 3558; x_wconf 76' lang='lat' dir='ltr'><strong>caulem</strong></span> <span class='ocrx_word' id='word_1_219' title='bbox 1613 3487 1750 3551; x_wconf 77' lang='lat' dir='ltr'><strong>autem.</strong></span> <span class='ocrx_word' id='word_1_220' title='bbox 1766 3493 1861 3552; x_wconf 74' lang='lat' dir='ltr'><strong>nun·</strong></span> 
     </span>
     <span class='ocr_line' id='line_1_33' title="bbox 581 3582 1657 3696; baseline 0.005 -31"><span class='ocrx_word' id='word_1_221' title='bbox 581 3612 693 3696; x_wconf 79' lang='lat' dir='ltr'><strong>quam</strong></span> <span class='ocrx_word' id='word_1_222' title='bbox 711 3582 922 3696; x_wconf 75' lang='lat' dir='ltr'><strong>spinostim.</strong></span> <span class='ocrx_word' id='word_1_223' title='bbox 1192 3583 1200 3596; x_wconf 74' lang='grc'>’</span> <span class='ocrx_word' id='word_1_224' title='bbox 1510 3634 1512 3649; x_wconf 92' lang='lat'><em>·</em></span> <span class='ocrx_word' id='word_1_225' title='bbox 1655 3647 1657 3654; x_wconf 71' lang='lat'><em>,</em></span> 
     </span>
    </p>

    <p class='ocr_par' dir='ltr' id='par_1_9' title="bbox 583 3683 1861 3919">
     <span class='ocr_line' id='line_1_34' title="bbox 638 3683 1861 3810; baseline -0.004 -34"><span class='ocrx_word' id='word_1_226' title='bbox 638 3693 711 3778; x_wconf 92' lang='lat' dir='ltr'><strong>His</strong></span> <span class='ocrx_word' id='word_1_227' title='bbox 740 3692 868 3808; x_wconf 82' lang='lat' dir='ltr'><strong>signis</strong></span> <span class='ocrx_word' id='word_1_228' title='bbox 886 3725 912 3782; x_wconf 76' lang='lat' dir='ltr'>a</span> <span class='ocrx_word' id='word_1_229' title='bbox 940 3701 1123 3792; x_wconf 75' lang='lat' dir='ltr'><strong>Cardia,</strong></span> <span class='ocrx_word' id='word_1_230' title='bbox 1151 3691 1225 3810; x_wconf 86' lang='lat' dir='ltr'><strong>qiii</strong></span> <span class='ocrx_word' id='word_1_231' title='bbox 1254 3693 1298 3775; x_wconf 92' lang='lat' dir='ltr'><strong>in</strong></span> <span class='ocrx_word' id='word_1_232' title='bbox 1324 3685 1475 3796; x_wconf 82' lang='lat' dir='ltr'><strong>caule,</strong></span> <span class='ocrx_word' id='word_1_233' title='bbox 1502 3683 1639 3789; x_wconf 91' lang='lat' dir='ltr'><strong>solio,</strong></span> <span class='ocrx_word' id='word_1_234' title='bbox 1667 3717 1717 3776; x_wconf 77' lang='lat' dir='ltr'><strong>ae</strong></span> <span class='ocrx_word' id='word_1_235' title='bbox 1743 3687 1861 3804; x_wconf 69' lang='lat' dir='ltr'><strong>capi-i</strong></span> 
     </span>
     <span class='ocr_line' id='line_1_35' title="bbox 583 3793 1857 3919; baseline -0.002 -29"><span class='ocrx_word' id='word_1_236' title='bbox 583 3800 675 3890; x_wconf 89' lang='lat' dir='ltr'><strong>tulo</strong></span> <span class='ocrx_word' id='word_1_237' title='bbox 702 3803 846 3894; x_wconf 86' lang='lat' dir='ltr'><strong>validis</strong></span> <span class='ocrx_word' id='word_1_238' title='bbox 874 3802 996 3919; x_wconf 86' lang='lat' dir='ltr'><strong>spinis</strong></span> <span class='ocrx_word' id='word_1_239' title='bbox 1014 3828 1238 3900; x_wconf 72' lang='lat' dir='ltr'><strong>trinitus,</strong></span> <span class='ocrx_word' id='word_1_240' title='bbox 1276 3793 1439 3912; x_wconf 85' lang='lat' dir='ltr'><strong>Optimi</strong></span> <span class='ocrx_word' id='word_1_241' title='bbox 1465 3807 1674 3911; x_wconf 77' lang='lat' dir='ltr'><strong>juvenes,</strong></span> <span class='ocrx_word' id='word_1_242' title='bbox 1712 3825 1857 3888; x_wconf 52' lang='lat' dir='ltr'><strong>recen*</strong></span> 
     </span>
    </p>
   </div>
   <div class='ocr_carea' id='block_1_6' title="bbox 491 3911 1859 4034">
    <p class='ocr_par' dir='ltr' id='par_1_10' title="bbox 491 3911 1859 4034">
     <span class='ocr_line' id='line_1_36' title="bbox 491 3911 1859 4034; baseline -0.004 -32"><span class='ocrx_word' id='word_1_243' title='bbox 491 3993 494 4002; x_wconf 90' lang='lat'><strong>.</strong></span> <span class='ocrx_word' id='word_1_244' title='bbox 583 3915 743 4005; x_wconf 87' lang='lat' dir='ltr'><strong>tiorum</strong></span> <span class='ocrx_word' id='word_1_245' title='bbox 770 3917 927 4026; x_wconf 83' lang='lat' dir='ltr'><strong>cirstrrm</strong></span> <span class='ocrx_word' id='word_1_246' title='bbox 953 3915 1256 4014; x_wconf 63' lang='lat' dir='ltr'><strong>intermicant</strong></span> <span class='ocrx_word' id='word_1_247' title='bbox 1274 3935 1372 4004; x_wconf 81' lang='lat' dir='ltr'><strong>nam</strong></span> <span class='ocrx_word' id='word_1_248' title='bbox 1399 3915 1519 4034; x_wconf 91' lang='lat' dir='ltr'><strong>quod</strong></span> <span class='ocrx_word' id='word_1_249' title='bbox 1545 3945 1569 4001; x_wconf 87' lang='lat' dir='ltr'><strong>a</strong></span> <span class='ocrx_word' id='word_1_250' title='bbox 1594 3911 1859 4010; x_wconf 81' lang='lat' dir='ltr'><strong>Dioscoride,¹</strong></span> 
     </span>
    </p>
   </div>
   <div class='ocr_carea' id='block_1_7' title="bbox 579 4021 1862 4479">
    <p class='ocr_par' dir='ltr' id='par_1_11' title="bbox 579 4021 1862 4479">
     <span class='ocr_line' id='line_1_37' title="bbox 580 4021 1857 4150; baseline 0.001 -35"><span class='ocrx_word' id='word_1_251' title='bbox 580 4023 744 4130; x_wconf 85' lang='lat' dir='ltr'><strong>Plinio,</strong></span> <span class='ocrx_word' id='word_1_252' title='bbox 772 4024 904 4118; x_wconf 82' lang='lat' dir='ltr'><strong>Paulo</strong></span> <span class='ocrx_word' id='word_1_253' title='bbox 931 4027 1210 4150; x_wconf 84' lang='lat' dir='ltr'><strong>AEgineta,&amp;</strong></span> <span class='ocrx_word' id='word_1_254' title='bbox 1239 4021 1399 4112; x_wconf 87' lang='lat' dir='ltr'><strong>Galerio</strong></span> <span class='ocrx_word' id='word_1_255' title='bbox 1425 4032 1634 4118; x_wconf 82' lang='lat' dir='ltr'><strong>memoriae</strong></span> <span class='ocrx_word' id='word_1_256' title='bbox 1662 4027 1857 4116; x_wconf 80' lang='lat' dir='ltr'><strong>traditum</strong></span> 
     </span>
     <span class='ocr_line' id='line_1_38' title="bbox 579 4135 1860 4342; baseline -0.003 -110"><span class='ocrx_word' id='word_1_257' title='bbox 579 4135 661 4270; x_wconf 49' lang='lat' dir='ltr'><strong>ist!</strong></span> <span class='ocrx_word' id='word_1_258' title='bbox 691 4135 798 4260; x_wconf 91' lang='lat' dir='ltr'><strong>quid</strong></span> <span class='ocrx_word' id='word_1_259' title='bbox 824 4137 893 4239; x_wconf 91' lang='lat' dir='ltr'><strong>sit,</strong></span> <span class='ocrx_word' id='word_1_260' title='bbox 922 4139 1008 4232; x_wconf 91' lang='lat' dir='ltr'><strong>hoc</strong></span> <span class='ocrx_word' id='word_1_261' title='bbox 1027 4165 1228 4273; x_wconf 71' lang='lat' dir='ltr'><strong>¹tempure</strong></span> <span class='ocrx_word' id='word_1_262' title='bbox 1256 4137 1513 4342; x_wconf 59' lang='grc' dir='ltr'><strong>ἱξηοτρῑιιτῑ</strong></span> <span class='ocrx_word' id='word_1_263' title='bbox 1542 4144 1734 4260; x_wconf 88' lang='lat' dir='ltr'><strong>quippe,</strong></span> <span class='ocrx_word' id='word_1_264' title='bbox 1764 4163 1860 4228; x_wconf 87' lang='lat' dir='ltr'><strong>cum</strong></span> 
     </span>
     <span class='ocr_line' id='line_1_39' title="bbox 580 4252 1862 4479; baseline -0.002 -136"><span class='ocrx_word' id='word_1_265' title='bbox 580 4274 721 4439; x_wconf 67' lang='lat' dir='ltr'><strong>ieiuna</strong></span> <span class='ocrx_word' id='word_1_266' title='bbox 751 4252 995 4386; x_wconf 77' lang='lat' dir='ltr'><strong>admodum,</strong></span> <span class='ocrx_word' id='word_1_267' title='bbox 1022 4254 1243 4384; x_wconf 86' lang='lat' dir='ltr'><strong>inutilique</strong></span> <span class='ocrx_word' id='word_1_268' title='bbox 1297 4273 1472 4368; x_wconf 76' lang='lat' dir='ltr'><strong>revitate</strong></span> <span class='ocrx_word' id='word_1_269' title='bbox 1500 4253 1862 4479; x_wconf 58' lang='lat' dir='ltr'><strong>eontiadqpqqtet</strong></span> 
     </span>
    </p>
   </div>
   <div class='ocr_carea' id='block_1_8' title="bbox 0 0 2068 5420">
    <p class='ocr_par' dir='ltr' id='par_1_12' title="bbox 0 0 2068 5420">
     <span class='ocr_line' id='line_1_40' title="bbox 0 0 2068 5420; baseline 0 3"><span class='ocrx_word' id='word_1_270' title='bbox 0 0 2068 5420; x_wconf 95' lang='lat' dir='ltr'><strong> </strong></span> 
     </span>
    </p>
   </div>
  </div>
 </body>
</html>
