4120 5414
566 193 1649 323 ,ff4aAWTHOLOGIAEU

542 313 681 426 rotina
708 351 823 416 vero
841 323 977 419 ficus,
1005 315 1049 403 in
1078 313 1226 438 quibus
1255 313 1394 429 apices
1421 317 1510 401 non
1539 313 1827 434 reperiuntur}

546 471 593 534 ut
621 447 665 529 in
694 438 819 523 tertio
847 435 957 522 libro
985 427 1167 517 didiurus
1195 421 1279 514 sum
1304 429 1326 539 l,
1362 427 1504 546 grollis
1543 427 1830 533 innascuntur·;

545 561 624 679 qui
652 547 819 638 stamina
847 547 896 634 &
922 541 1059 660 apices
1088 539 1356 656 producunt,
1382 543 1544 624 Horum
1568 536 1761 628 culicum
1786 540 1833 629 n.
1900 615 1904 618 ,

545 699 601 762 ve
628 663 873 782 exiguarum
897 655 1130 745 Multarum
1155 649 1331 740 formam
1356 649 1544 744 adhunc
1565 653 1832 745 modumex'-

547 782 733 900 primere
758 769 974 864 conabor:
1228 811 1231 816 ·

605 894 705 977 Haec
734 879 974 973 animalcula
1003 905 1130 995 parva
1167 874 1288 976 sunt,
1330 871 1466 965 forma
1504 871 1634 968 veluti
1671 874 1834 994 exiguae

546 1001 696 1095 Muscae
723 998 911 1092 vinariae,
940 992 1006 1079 sed
1024 988 1330 1111 grandiuscula,
1358 991 1465 1110 nigri
1485 989 1665 1077 coloris.
1692 992 1833 1106 Caput

551 1117 687 1203 minus
717 1136 847 1230 quam
883 1104 1040 1194 Muscae
1080 1129 1162 1219 pro
1202 1102 1395 1219 corporis
1433 1127 1499 1189 ma
1531 1101 1749 1200 nitudine,
1779 1099 1840 1188 fe·

549 1247 674 1320 runt,
701 1251 756 1310 ex
782 1225 908 1338 nigro
936 1212 1141 1307 luteolum
1168 1273 1180 1314 ,
1210 1215 1277 1304 cui
1304 1211 1462 1303 summo
1489 1128 1576 1304 <luo
1614 1219 1837 1332 affiguntur

552 1363 752 1432 cornua,
776 1332 971 1428 nodosa,
1001 1327 1154 1447 nigra,
1193 1327 1242 1414 &
1270 1325 1391 1416 valde
1421 1326 1610 1447 oblonga
1638 1392 1648 1414 .
1676 1331 1761 1428 Os,
1790 1349 1839 1418 ut

555 1447 716 1563 Vespa,
745 1467 923 1562 gerunt,
948 1441 1030 1528 sine
1060 1439 1310 1556 proboscide
1335 1503 1349 1527 .
1372 1439 1493 1529 Brevi
1522 1445 1679 1532 vertice
1706 1461 1839 1560 caput

556 1588 659 1649 curn
684 1583 839 1646 trunco
868 1555 1125 1651 annetiitur,
1153 1575 1204 1640 ut
1229 1555 1363 1640 etiam·
1381 1553 1551 1668 Vespae.
1577 1551 1754 1642 Dorsum
1781 1557 1844 1642 ni-

590 1699 681 1760 rum
690 1670 770 1768 est,
795 1669 1082 1786 nitidumque,
1111 1673 1226 1779 cujus
1253 1659 1446 1755 lateribus
1473 1687 1654 1786 quatuor
1682 1663 1754 1753 alat
1783 1669 1843 1754 al·
1937 1735 1939 1742 ,

556 1701 770 1901 figuntur,
799 1807 975 1901 quarum
1001 1779 1091 1866 duae
1117 1788 1296 1893 majores
1326 1777 1440 1896 sunt,
1469 1780 1521 1866 ad
1550 1801 1742 1868 exortum
1770 1802 1843 1865 an-

558 1895 720 2014 gusta,
750 1894 798 1978 &
824 1896 868 1978 in
896 1892 1151 1978 latitudinem
1178 1891 1374 2008 paulatim
1401 1889 1643 2011 fastigium,
1672 1917 1771 2012 quas
1802 1895 1846 1979 ai-

560 2004 846 2102 nimalculum,
871 2004 973 2092 dum
995 2001 1180 2092 ambulat
1205 2029 1279 2095 aut
1297 2001 1501 2105 consistit,
1530 2005 1687 2093 credun
1709 2025 1848 2093 tenet:

562 2120 652 2207 aliae
679 2118 770 2205 duae
796 2117 982 2203 minores
1001 2115 1090 2203 sunt
1109 2117 1269 2230 ,paulo
1301 2151 1324 2206 a
1351 2123 1562 2234 majorum
1581 2139 1733 2206 exortu
1755 2115 1844 2203 lon·-

561 2234 654 2352 gius
684 2249 812 2328 natae,
839 2257 932 2346 quae
961 2226 1105 2317 lumbis
1136 2231 1407 2323 incumbunt.
1433 2231 1600 2318 Pectori
1623 2229 1699 2316 sex·
1722 2231 1845 2347 pedes

563 2345 776 2432 adhaerent
802 2369 855 2426 ex
882 2337 1016 2435 inultis
1045 2341 1165 2424 nodis
1191 2344 1458 2441 constantes‚·
1475 2341 1523 2428 δε
1543 2367 1670 2460 quarn
1690 2345 1732 2426 in
1753 2347 1848 2432 Mu*

565 2457 663 2552 icis,
688 2450 933 2568 longiores.
960 2449 1209 2540 Coardlatur
1239 2456 1391 2545 deinde
1418 2453 1593 2553 thamir,
1620 2455 1689 2542 cui
1706 2452 1847 2542 altera

567 2565 706 2652 trunci
736 2589 828 2680 pars
842 2558 1036 2686 ¹inferior
1059 2565 1279 2681 jungitur,·
1306 2568 1475 2685 angusta
1503 2597 1586 2688 qua
1595 2587 1721 2764 farte
1749 2564 1849 2651 tho-

566 2677 656 2762 raci
685 2672 953 2772 annedtttur,
991 2675 1139 2761 deinde
1167 2676 1411 2777 diducitur,
1450 2675 1498 2764 &
1524 2707 1654 2767 rurus
1683 2677 1725 2762 iu
1754 2705 1852 2768 acu-.-

566 2790 763 2877 minatam
790 2805 982 2900 partem,
1021 2785 1075 2871 e'x
1102 2809 1187 2909 qua
1216 2791 1259 2875 in
1287 2788 1476 2878 formellis
1506 2795 1690 2880 uterinus
1727 2789 1850 2879 tubus

569 2899 806 3020 egreditur,
832 2897 1116 2986 contrahitur.
1143 2899 1319 2992 Constat
1331 2926 1479 2994 venter
1498 2930 1553 2990 ex
1572 2904 1707 2992 multis
1720 2930 1850 2991 annu-
1964 2959 1967 2964 ι

569 3016 642 3110 lis,
670 3007 813 3128 quales
843 3007 886 3090 in
915 3009 1059 3126 Vespis
1088 3037 1337 3102 cernuntur.
1365 3023 1509 3128 Quare
1531 3017 1633 3100 mihi
1656 3015 1852 3105 videntur

569 3127 659 3213 hac
688 3115 929 3208 animalcula
956 3117 1090 3210 forma
1119 3127 1170 3211 ad
1205 3123 1376 3239 Vespas,
1414 3129 1462 3211 &
1499 3151 1735 3243 congenera
1765 3127 1855 3211 ani-

571 3233 749 3342 malcula
775 3234 1000 3334 accedere,
1026 3236 1163 3323 modo
1182 3259 1322 3326 autem
1342 3231 1532 3324 nascendi
1554 3237 1856 3358 nutriendique

572 3350 625 3438 ad
652 3341 829 3436 Muscam
859 3351 898 3432 A
924 3346 1137 3466 Culicibus
1165 3373 1302 3438 autem
1329 3349 1458 3469 longe
1484 3347 1656 3440 distant.
1684 3349 1751 3438 Ut
1772 3353 1856 3466 pri.

571 3485 689 3549 mum
716 3460 844 3579 igitur
868 3460 994 3575 grossi
1032 3463 1305 3582 grandiusculi
1338 3462 1433 3555 faur·
1462 3488 1654 3584 apertum
1681 3457 1854 3552 firndum

571 3575 795 3662 ostendunt
817 3631 828 3671 ,
856 3574 1145 3692 ingrediuntur
1168 3570 1394 3679 formellae,
1431 3579 1478 3668 dt
1504 3609 1558 3668 ex
1583 3578 1726 3667 infimo
1755 3603 1857 3668 ven-

572 3707 640 3772 tre·
667 3686 874 3799 producta
902 3681 1034 3788 tuba,
1062 3683 1226 3778 forturae
1252 3693 1296 3776 in
1325 3686 1537 3780 frumentis
1575 3695 1672 3803 (ita
1698 3711 1858 3780 vocant

573 3799 716 3882 -Latini
745 3797 993 3918 etnbryones
1025 3827 1120 3890 cum
1148 3798 1254 3891 tubis
1284 3803 1332 3892 &
1358 3803 1577 3921 placentis,
1605 3817 1699 3919 quae
1720 3833 1784 3890 res
1809 3831 1858 3887 o*-

577 3933 694 3996 mnes
721 3935 949 4032 granorum
979 3909 1105 4000 instar
1131 3917 1175 4000 in
1202 3911 1360 4006 ficubus
1389 3921 1685 4034 reperiuntur)
1715 3915 1858 4002 nidum

576 4042 804 4124 excavant,
834 4024 884 4111 &
910 4025 1037 4114 ovula
1065 4025 1287 4142 deponunt
1310 4093 1320 4115 .
1346 4029 1576 4118 Nascuntur
1605 4023 1646 4106 in
1670 4023 1740 4108 his
1767 4054 1858 4117 ver.

578 4133 741 4234 miculi,
771 4140 845 4256 qui
877 4131 1029 4225 deinde
1058 4141 1251 4260 nymphae
1279 4143 1464 4238 evadunt
1490 4135 1754 4236 immobiles,
1783 4137 1860 4225 du«
2002 4211 2014 4218 .

577 4269 657 4351 rae,
684 4275 869 4366 corpore
895 4249 1111 4374 oblongo,
1140 4259 1278 4374 capitu
1304 4281 1401 4350 curu
1427 4251 1552 4338 dorso
1573 4246 1757 4348 luteolo,
1783 4277 1862 4340 cae-

627 4413 636 4432 ·
721 4397 727 4408 ·
1714 4381 1804 4456 tera
