4168 5418
446 234 1230 371 'Llucurulrrvu
1391 287 1441 371 13

223 385 312 458 'taor
339 371 528 488 flliolt's,
570 399 614 459 ut
650 376 893 488 plurimum,
935 377 1130 488 instruc'lus
1155 373 1239 459 abit
1269 380 1311 458 in
1339 379 1515 470 limium.

224 479 305 570 &c
333 489 432 572 Hace
454 505 637 604 quatuor
660 481 804 569 foliola
833 485 849 589 (
874 512 966 604 quae
989 485 1171 607 calycem
1191 481 1384 602 profecto
1405 517 1506 578 con.-

222 587 394 685 stituunt
419 657 431 698 ‚
460 625 556 686 nam
586 593 891 712 amplectuntur
922 601 1072 686 florem
1098 597 1146 684 ,ἃ
1174 592 1292 713 ipsus
1320 620 1456 713 partes
1486 606 1505 709 )

222 708 346 828 calyx
385 729 651 828 nequaquam
690 707 871 794 dicenda
905 735 1067 810 erunt,
1119 711 1320 826 quoniam
1347 706 1505 798 frustus

221 845 310 908 uon
339 822 521 916 evadunt
545 860 555 918 ;
584 847 680 909 nam
707 819 891 936 expausis
921 821 1104 938 petalis,
1133 821 1186 908 ad
1216 844 1367 910 terram
1392 819 1504 909 deci-

221 926 362 1022 dunt?
391 932 549 1022 Eadem
576 936 737 1021 ratione
768 960 908 1053 neque
938 937 985 1020 in
1006 940 1179 1035 Glaucia,
1209 961 1348 1056 neque
1371 934 1415 1020 in
1435 945 1508 1021 Pa·

216 1069 400 1162 prvere.
431 1073 572 1168 neque
602 1049 643 1130 in
672 1047 920 1168 quibusdam
947 1055 1171 1150 ranunculis
1199 1048 1357 1168 calyces
1385 1077 1430 1133 re
1463 1076 1506 1132 e*

220 1158 384 1249 ciuntur
416 1194 431 1262 ‚·
459 1157 659 1248 decidunt
688 1160 799 1246 enim
825 1181 975 1272 aperto
1004 1161 1109 1244 flore
1139 1219 1150 1252 ,
1177 1177 1318 1276 neque
1346 1155 1412 1243 fru
1457 1187 1503 1246 us

225 1270 492 1370 involvunt,
525 1297 668 1391 neque
698 1263 952 1466 iqsufrullus
981 1268 1204 1393 qvadunt.
1240 1275 1340 1357 Haec
1368 1289 1507 1360 autern

222 1387 321 1498 quis
352 1412 384 1468 ae
422 1413 479 1468 uo
507 1383 643 1472 animo
672 1397 852 1470 tuerit?
880 1383 922 1467 Si
949 1383 1078 1498 lgttur
1106 1384 1150 1466 in
1176 1379 1238 1468 his
1260 1379 1408 1495 plantis
1438 1410 1506 1467 ca-

222 1492 336 1610 lyces
365 1409 442 1584 ele
472 1494 667 1589 tradidit,
696 1491 891 1612 ultroque
916 1496 1147 1593 concellat5
1173 1496 1406 1612 quoniam,
1433 1489 1503 1579 etsi

221 1605 276 1690 ad
306 1629 454 1692 terram
481 1605 763 1704 deciderent,
792 1603 1003 1724 explicato
1031 1607 1175 1704 flore,
1205 1601 1500 1728 embryonibus

218 1735 354 1800 tamen
385 1741 473 1800 non
501 1716 851 1805 innascebantura
892 1719 1038 1806 curin
1066 1721 1354 1817 chamrnerio,
1402 1742 1502 1831 pro-

217 1850 361 1940 pterca
390 1829 509 1949 quod
538 1830 693 1922 [murno
720 1827 872 1918 frudini
902 1828 1084 1929 insudet,
1124 1828 1284 1949 calyces
1314 1829 1392 1918 ell'e
1431 1857 1502 1916 ue-

215 1942 383 2056 gavit-.?
412 1943 458 2027 ld
487 1966 626 2032 autem
653 1945 823 2031 retinuit
851 1969 932 2058 pro
961 1942 1099 2062 calyce
1131 2006 1142 2040 ,
1172 1946 1291 2063 quod
1321 1942 1498 2058 embryo

216 2054 443 2142 dicendum
481 2057 677 2142 veriffime
717 2055 813 2153 est,
851 2057 927 2172 qui
955 2055 998 2137 in
1024 2055 1202 2146 trullum
1230 2055 1382 2142 deinde
1409 2081 1500 2140 cre·

217 2163 327 2251 scit.
381 2169 541 2253 Verum
581 2166 683 2281 quid
721 2190 798 2251 nos
827 2192 1069 2282 argumenta
1113 2166 1372 2280 quaerimus,
1403 2193 1500 2252 cum

222 2282 384 2366 Aulioi
411 2274 495 2389 ipse
521 2277 567 2364 sae
601 2305 801 2365 enumero
820 2279 906 2363 hoc
927 2303 1015 2362 nou
1038 2277 1291 2366 servaverit?
1317 2283 1365 2362 In
1388 2285 1500 2391 prin-

217 2390 332 2502 cipio
362 2393 379 2496 (
407 2391 455 2475 &
485 2416 538 2501 pa
568 2421 623 2478 un
651 2391 774 2476 etiam
801 2390 845 2473 iu
865 2387 949 2473 aliis
973 2397 999 2499 )‹
1022 2394 1319 2502 Mandragoram
1348 2385 1404 2474 ita
1428 2386 1498 2473 de-

217 2498 307 2586 finit
334 2529 349 2602 :¹
386 2506 644 2619 Mandagora
673 2505 863 2614 estgenus
883 2507 1019 2618 planta
1046 2563 1058 2600 ,
1086 2507 1196 2616 flore
1222 2505 1448 2616 monopctalo
1478 2561 1491 2598 ,

216 2621 532 2732 campanifhrmi,
561 2617 606 2714 ό·
633 2618 820 2720 multifido
847 2639 857 2698 :
889 2649 941 2699 ex
968 2625 1069 2738 cujus
1095 2618 1212 2726 calyce
1231 2617 1364 2728 fingit
1376 2615 1501 2728 pistil-

217 2733 300 2817 lum
329 2735 428 2844 quod
456 2733 622 2841 infimam
640 2730 762 2840 floris
785 2751 938 2840 partem
960 2731 1136 2843 perfodit
1169 2752 1180 2810 ε
1209 2731 1363 2841 abr'tque
1391 2730 1500 2808 dein·

220 2849 270 2929 clc
301 2855 343 2927 in
371 2845 538 2939 lrccllum
566 2841 650 2925 δίε.
678 2842 947 2922 Bellcdonnam
975 2859 1113 2924 autem
1141 2838 1236 2924 ita:
1269 2839 1500 2922 Bclladonna

172 3019 177 3028 .
218 2958 272 3068 esl
291 2959 429 3071 planta
447 2985 565 3066 genus
599 3013 612 3050 ,
626 2953 735 3065 flore
757 2955 981 3065 monopetalo
1000 2949 1285 3062 campam'fermi
1304 2947 1351 3042 ά
1368 2950 1502 3032 multi·

54 3115 56 3117 ·
208 3074 325 3186 μσς
358 3099 409 3151 cx
437 3074 544 3182 cujus
570 3071 688 3174 calyce
705 3061 842 3172 ſscrgit
860 3065 1079 3176 pistillum,
1102 3063 1238 3174 postica
1253 3059 1378 3174 floris
1392 3066 1501 3175 parti

220 3189 273 3267 ad
301 3181 414 3291 irylrr
442 3183 584 3274 clavi,
615 3179 813 3282 isrfixum:
858 3179 955 3284 quod
982 3179 1125 3261 deinde
1151 3173 1235 3257 abit
1262 3183 1304 3256 in
1322 3175 1500 3283 frullum

220 3295 305 3380 &c
332 3297 369 3378 si
398 3293 523 3408 igitur
552 3279 747 3403 pistillum
774 3283 819 3366 in
843 3279 908 3370 his
935 3285 1156 3401 generibus
1184 3283 1239 3371 de
1258 3281 1397 3402 calyce
1420 3279 1501 3406 lur-

221 3405 288 3523 git
315 3431 328 3504 3
360 3407 481 3518 calyx
511 3425 646 3490 autem
668 3400 845 3514 posterior
870 3395 991 3515 floris
1013 3427 1103 3514 pars
1128 3393 1315 3490 dicitur,
1342 3395 1502 3480 nccesse

224 3517 286 3604 cst
313 3536 361 3602 ut
388 3511 581 3626 pistillum
609 3511 662 3594 de
692 3505 911 3624 posteriori
943 3511 1056 3595 floris
1088 3528 1203 3616 parte
1232 3505 1409 3620 surgat.
1447 3513 1503 3588 At

222 3626 418 3746 pistillum
467 3651 608 3709 nonne
647 3624 689 3706 in
727 3615 905 3710 stultum
943 3624 1054 3712 abire
1082 3619 1257 3706 traditur
1283 3630 1302 3731 ΞΙ
1335 3611 1502 3702 Fructus

224 3745 352 3860 igitur
416 3739 457 3827 ui
486 3766 540 3823 ex
598 3735 720 3822 istlllo
748 3731 826 3828 fit,
855 3737 906 3821 de
933 3737 1038 3821 flore
1065 3733 1225 3848 surgit.
1261 3737 1404 3840 Quare
1431 3752 1503 3812 ne-

227 3852 330 3944 cell'e
368 3765 429 3940 cll
455 3848 522 3938 vel
550 3765 651 3936 illud
691 3845 907 3934 absurdum
939 3849 1014 3938 ess'e
1043 3852 1093 3933 de
1122 3850 1238 3956 calyce
1258 3845 1505 3967 stcrgcrcyi·

209 3971 368 4086 stillum
399 4028 413 4064 ,
440 3963 488 4061 ἀ
520 3969 684 4082 c'nfimam
701 3965 823 4075 floris
872 3987 994 4048 artem
1018 3963 1262 4080 perfodere3
1303 3979 1505 4154 quomam

223 4107 326 4170 cum
372 4075 492 4198 calyx
531 4077 671 4164 infima
699 4075 744 4160 &
784 3990 990 4187 pollcrior
1027 4073 1139 4158 floris
1182 4097 1275 4187 pars
1335 4069 1506 4160 icatur,

226 4189 427 4312 pistillum
454 4191 504 4275 de
548 4195 653 4277 flore
683 4183 808 4305 surgit
830 4219 846 4290 ;
873 4185 942 4277 vel
970 4183 1150 4305 calycem
1173 4172 1408 4309 posteriore'm
1426 4179 1508 4288 flo-

227 4319 283 4420 ris
304 4333 462 4426 partem
489 4333 579 4394 nou
605 4302 716 4407 cllc5
746 4303 904 4422 quippe
930 4306 1040 4393 iuter
1060 4295 1244 4446 calycetu
1262 4293 1308 4384 &
1329 4287 1511 4490 ιιιίέιῖω
