4120 5414
622 245 1039 354 OCTAVA
1166 253 1183 332 ’-
1321 291 1374 370 m

198 409 292 506 quae
318 373 490 498 squamis
518 371 788 576 inaequalibus
816 372 1151 490 componuntur?
1176 378 1223 464 in
1250 375 1313 467 his
1340 295 1472 473 ssdres

194 488 485 609 monopetali,
525 488 571 574 δι
635 482 803 575 osculosr
833 488 1004 601 proprie
1044 489 1145 574 diui
1177 491 1438 605 explicantur
1456 534 1473 600 ,-

197 608 329 693 altero
359 597 482 717 petaii
513 622 703 686 extremo
727 596 905 686 ordinati
934 600 976 682 in
1006 599 1170 699 tubum,
1215 632 1271 690 uo
1297 615 1472 726 jungun.

198 743 266 806 tur
293 711 543 811 seminibus,·
572 713 704 800 altero
732 715 776 794 in
808 701 1113 799 insundibuium
1137 629 1363 804 dddnentes
1395 747 1470 834 per

194 831 420 945 supremam
442 849 560 910 oram
589 824 690 944 quin
724 823 932 939 uepartito
956 824 1129 910 sessum.
1158 830 1307 916 Rubeo
1333 856 1471 922 autern

195 942 340 1030 colore
366 941 639 1033 decorantur,
669 959 713 1021 tu
744 965 767 1022 a
795 931 918 1020 rubra
944 961 1120 1054 quoque
1147 939 1330 1030 instructi
1362 971 1375 1043 3
1427 967 1471 1031 at

192 1055 344 1170 vagina
366 1047 560 1137 staminea
580 1047 690 1136 lutea
718 1046 795 1133 est.
821 1043 981 1132 Semina
1002 1071 1134 1170 porro
1189 1077 1287 1138 arva
1313 1055 1464 1170 gignit,

193 1165 343 1282 pippis
373 1187 422 1250 ac
449 1157 625 1277 squamis
653 1157 851 1276 spoliata,
878 1183 973 1270 quae
998 1182 1043 1241 m
1070 1157 1142 1244 tha
1157 1187 1251 1246 amo
1280 1160 1471 1251 indiscre-

194 1299 237 1366 ta
266 1291 545 1361 maturantur.

245 1385 448 1472 Provenit
477 1380 519 1464 in
549 1384 759 1468 maritimis
789 1405 883 1498 quae
913 1371 1049 1460 infero
1076 1382 1177 1465 mari
1206 1379 1429 1474 alluuntur.

245 1493 488 1612 Aliquando
507 1496 715 1590 occurrit,
742 1489 862 1610 quod
882 1484 1092 1598 superiora
1114 1489 1216 1578 folia
1236 1492 1342 1582 festa
1373 1525 1470 1613 pro·

192 1609 327 1703 ducit,
356 1603 478 1722 quale
504 1605 628 1688 hoc:
1380 1684 1383 1690 ,
1462 1672 1467 1680 .

248 1723 417 1804 Vocant
442 1715 672 1826 :absinthium
701 1719 966 1808 maritimum,
994 1713 1110 1824 foliis
1135 1713 1393 1830 fhperioribus
1419 1733 1463 1806 in

142 1909 144 1918 .
192 1841 336 1951 aliquot
362 1833 519 1912 lacinias
545 1827 677 1936 divistr
703 1828 753 1911 Ο.
779 1828 821 1906 Β.
847 1831 930 1907 Pin.
965 1849 1063 1932 134,
1092 1823 1140 1911 &
1167 1823 1364 1914 Tournef.
1388 1835 1468 1942 snst.

192 1952 243 2034 R.
269 1941 385 2028 Herb.
410 1935 504 2047 458.
543 1937 744 2048 Artemistae
772 1945 922 2020 marina
940 1937 1044 2048 folia
1081 1936 1198 2049 incisa
1236 1942 1341 2028 Lob.
1372 1959 1464 2027 Iron.

193 2061 288 2172 766.
315 2057 410 2167 Ego
439 2070 575 2135 autem
603 2045 758 2134 dicam:
1034 2083 1036 2086 ·
1460 2090 1465 2107 =

250 2167 300 2250 11.
325 2163 536 2275 Seriphim
575 2171 839 2256 maritimum,
867 2167 1069 2262 incanum,
1097 2167 1213 2282 foliis
1238 2169 1465 2253 Lavandalae

305 2287 347 2362 in
366 2278 563 2391 strperr'are
591 2277 693 2358 caule
721 2277 932 2359 laciniatim

303 2503 384 2590 11ae
408 2493 566 2587 flosculi
595 2500 766 2617 proprie
792 2497 891 2587 dicti
917 2520 1070 2618 genera
1097 2501 1142 2587 in
1156 2499 1300 2589 -horto
1321 2501 1471 2592 colun*

328 2637 423 2724 tur,
452 2637 546 2726 quae
572 2611 735 2737 species,
764 2631 853 2699 tum
866 2638 959 2727 quae
987 2611 1040 2698 ad
1067 2609 1318 2733 fingularum
1346 2637 1468 2704 natu-

329 2752 446 2816 ram,
485 2721 533 2807 &
561 2749 647 2811 vrm
684 2722 860 2808 inarime
896 2725 1102 2836 praecipua
1130 2722 1207 2812 eil‘e
1236 2730 1427 2818 novimus
1454 2791 1482 2826 „

194 2838 413 2929 brevitate,
442 2857 535 2944 quae
565 2829 765 2947 propositi
777 2829 947 2917 instituti
974 2833 1104 2920 modo
1133 2838 1241 2924 utilis
1280 2838 1360 2929 visa
1388 2837 1468 2936 est,

192 2948 321 3038 tribus
349 2940 693 3030 dissertationibus
723 2941 973 3057 peruastato
1000 2943 1090 3030 sunt
1115 3012 1124 3032 .
1152 2951 1313 3050 Restat,
1343 2951 1482 3052 Audi..

193 3073 338 3154 tores,
367 3080 442 3152 ut,
473 3055 583 3168 prius
613 3081 739 3173 quam
765 3051 895 3137 horto
924 3056 1210 3171 egrediamur,
1256 3091 1346 3184 quo
1373 3062 1471 3150 fide-

192 3171 301 3273 lius,
330 3193 423 3286 qua
454 3193 529 3282 per
556 3163 770 3254 intervalla
806 3163 978 3252 discreta
1006 3176 1275 3286 acceperint,
1296 3203 1472 3261 -connea

193 3287 256 3374 xis
282 3283 404 3370 rebus
430 3279 625 3368 discentes
654 3278 879 3371 retineant,
909 3281 1037 3367 totius
1065 3283 1189 3369 classrs
1217 3285 1371 3382 seriem,
1401 3311 1470 3370 or-

195 3395 420 3510 dinemque
450 3395 492 3476 in
519 3416 650 3505 pauca
677 3387 991 3475 contrahamus.
1030 3393 1213 3480 Primum
1240 3399 1380 3514 itaque
1411 3394 1470 3482 bi-

192 3510 350 3627 partito
380 3503 667 3618 proposuimus
679 3499 863 3595 ciaii‘em,
890 3499 990 3585 hinc
1016 3527 1184 3618 genera,
1213 3529 1306 3619 quae
1332 3509 1385 3593 de
1412 3505 1472 3594 su.

193 3623 363 3738 periore
390 3613 508 3704 floris
539 3639 655 3730 parte
682 3612 865 3701 ferebant
893 3609 1062 3709 semina,
1092 3613 1334 3729 seponentes
1345 3619 1471 3718 ,nine

230 3765 291 3823 uae
320 3733 373 3816 de
400 3723 596 3816 inferiore
624 3725 671 3813 8(
696 3729 903 3814 exteriore
928 3789 938 3808 .
965 3720 1036 3811 illa
1066 3747 1202 3816 autem
1227 3755 1383 3857 genera
1401 3731 1473 3814 io-

196 3761 369 3936 discreta
396 3840 538 3928 renata
566 3835 676 3936 sunt,
705 3841 909 3957 quoniam
935 3833 1087 3926 nullam
1113 3839 1370 3955 recipiebant
1396 3837 1473 3930 dif-

194 3959 441 4058 ferentiam,
478 3979 574 4040 curn
612 3950 827 4037 Globularia
863 3970 1021 4042 tantum
1059 3952 1105 4035 in
1144 3949 1211 4038 iila
1241 3976 1367 4068 parte*
1382 3951 1475 4047 cola

196 4071 335 4164 locata
363 4063 483 4155 ess'et:
513 4066 600 4153 haec
628 4066 804 4155 veroin
832 4065 978 4149 decem
1004 4085 1140 4177 partes
1168 4065 1402 4164 distributa,
1423 4065 1475 4152 &-

197 4186 386 4276 adhunc
415 4173 606 4269 ordinem
632 4173 814 4295 digesta.
852 4174 989 4262 Prima
1016 4203 1066 4262 ea
1092 4175 1301 4290 complexi
1338 4175 1474 4264 sumus

193 4323 378 4426 genera,
407 4289 630 4414 inquibus
656 4309 748 4385 tum
773 4286 924 4380 semina
947 4347 961 4388 ‚
979 4309 1080 4492 t{Juna
1107 4285 1275 4384 thalami
1304 4311 1475 4404 pappoq

299 4457 302 4464 “
367 4451 373 4470 ”
827 4479 830 4484 ·
1080 4433 1107 4520 3.
1316 4421 1420 4522 PfQ
