4120 5414
609 229 1163 336 'DECIMA'
1318 263 1410 370 257

186 362 397 491 cipuunii
429 361 562 460 habet
589 353 691 447 folia
713 357 836 471 hujus
857 360 1093 447 Cbamaemeli
1112 359 1158 450 δί
1187 367 1314 458 uicini
1333 371 1477 490 vulga}

189 491 244 574 ris
281 478 482 577 contusa,
523 505 580 564 ae
592 503 656 561 ex.
667 471 772 560 laste
796 469 961 560 subafita
982 540 994 559 .
1030 478 1126 560 Hoc
1145 472 1353 578 imminit,
1382 491 1478 612 qui-j

193 599 267 686 bus
289 623 474 688 mammae
495 623 519 678 a
541 612 660 706 partu
679 586 803 674 nimia
823 585 937 674 laetis
950 587 1074 701 copia
1094 589 1362 692 indurantur,
1391 609 1474 686 iuc-

189 734 391 800 curritur.

249 831 457 932 Quartum
486 811 603 903 nullo
632 815 773 901 odore
798 809 973 928 infigne,
1004 809 1061 897 est

246 938 321 1040 IV.
362 931 648 1019 charmelum
684 930 880 1016 modorum
897 928 982 1038 five
1011 929 1145 1012 cotula
1171 961 1243 1016 non
1259 937 1406 1046 fetide
1442 939 1473 1022 I.

301 1051 344 1132 B.
375 1077 412 1156 3.
445 1073 534 1126 120.
562 1047 696 1126 cotula
724 1039 906 1124 Tabern.
934 1055 1026 1121 icon.
1057 1067 1122 1124 21.

250 1159 476 1270 Reperitur
505 1153 684 1271 ubique,
713 1149 1039 1270 &frequentius
1064 1176 1192 1267 quam
1215 1152 1282 1246 vul
1316 1188 1407 1258 are,
1430 1165 1476 1248 in·

195 1269 309 1358 usum
336 1267 521 1353 adhiberi
548 1265 807 1381 deprehendi
838 1325 847 1345 .
877 1261 1010 1370 Quod
1039 1258 1132 1350 sane
1162 1184 1473 1379 prohiirendum

189 1384 284 1476 est,
323 1380 525 1493 quoniam
553 1375 698 1463 inutile
727 1377 892 1464 videtur
922 1435 932 1454 .
970 1370 1101 1458 Nullo
1131 1402 1267 1466 autern
1295 1387 1472 1504 negotio

189 1491 409 1576 internosci
439 1487 595 1604 potest,
626 1489 749 1574 etiam
776 1484 827 1570 ab
858 1482 1056 1594 imperitis
1067 1519 1082 1581 ,-
1110 1513 1205 1578 nam
1231 1496 1344 1580 odor
1364 1523 1468 1585 nun⁴

191 1631 321 1722 quam
342 1599 443 1687 fallit
472 1599 678 1794 lepentes.

245 1713 458 1822 Quintum
486 1731 516 1792 C
543 1714 773 1795 ammiane
799 1706 946 1822 asperis
973 1707 1165 1822 gaudet,
1204 1714 1252 1798 &
1287 1717 1376 1802 imis
1405 1719 1474 1806 Al.

186 1826 304 1940 pium
334 1820 516 1910 faucibus
545 1879 555 1902 .
583 1819 768 1906 Diseuffis
796 1818 995 1914 nivibus,
1039 1818 1187 1937 quibus
1228 1829 1474 1938 proximum

184 1938 385 2032 mihitur,
415 1933 718 2048 cumprimum
746 1931 907 2050 aliquid
936 1953 1056 2018 terrae
1083 1928 1306 2021 laxamenti
1335 1938 1470 2040 datur,

185 2050 339 2134 eduiiro
370 2044 520 2140 caule,
559 2045 739 2157 capitula
779 2042 952 2131 exhibet
978 2043 1171 2162 globosa,
1199 2047 1471 2176 inaequalibus

188 2185 237 2244 ac
268 2157 517 2246 imbricatim
548 2155 684 2268 positis
712 2157 888 2278 squamis
917 2185 1000 2242 con
1032 2157 1137 2244 esta.
1165 2166 1330 2273 Apertrs
1359 2167 1471 2278 capi.

186 2266 280 2358 tulis
309 2334 322 2369 ,
351 2271 472 2386 primi
499 2263 805 2358 manifestantur
833 2270 984 2358 semiflo
1002 2271 1115 2366 culi,
1145 2274 1310 2389 magni,
1340 2273 1476 2392 lingu.

184 2379 278 2481 lati,
309 2382 410 2480 albi,
430 2381 691 2470 ¹filamentum
716 2380 900 2482 luteum,
925 2383 1172 2470 ac'bifidum
1200 2387 1473 2511 exeipientes3

4 2473 13 2614 ζ
186 2495 338 2584 deinde
364 2491 526 2582 flosculi
556 2497 727 2611 proprie
752 2497 853 2586 dieu
882 2497 1121 2624 prodeunt,
1149 2497 1224 2609 qui
1245 2521 1290 2578 rn
1324 2499 1473 2588 tubum

182 2604 610 2698 infitndibulifonnem
631 2607 891 2722 explicantur
919 2635 963 2690 m
993 2607 1143 2694 sumina
1165 2635 1240 2693 ora
1270 2612 1477 2733 quinquen

186 2722 342 2836 partito
370 2719 525 2802 {eitum
551 2714 815 2834 luteumque.
850 2716 1018 2803 intubo
1044 2743 1219 2830 apparet
1249 2751 1298 2810 va
1332 2726 1399 2807 ina
1419 2723 1478 2812 lu-

186 2855 254 2918 tea
295 2826 473 2916 bifidatae
513 2855 560 2910 ac
600 2824 719 2910 lutere
758 2827 868 2914 tubae
896 2827 1213 2940 circumposita.
1241 2751 1477 2924 Taiefaffls

187 2941 500 3038 floribus‚inter
522 2934 753 3023 rubricatas
775 2935 943 3025 thalami
962 2936 1148 3058 squamas
1166 2969 1394 3039 maturatur
1420 2945 1478 3034 se-

189 3081 288 3144 men
313 3052 568 3168 oblongum,
591 3045 640 3134 &
661 3046 956 3164 compressitm.

247 3171 357 3252 Turn
384 3161 442 3250 ob
469 3163 543 3248 has
575 3181 733 3274 partes,
762 3185 852 3254 tum
871 3166 994 3254 etiam
1015 3167 1135 3282 quod
1156 3169 1256 3262 folia
1285 3175 1476 3272 similiter,

193 3309 242 3368 ac
270 3281 538 3371 chrmamela,
566 3273 792 3362 tenuiffima
814 3274 965 3374 ferret,
995 3280 1197 3372 transtulit
1219 3285 1272 3374 ad
1297 3287 1382 3371 hoc
1405 3311 1477 3401 ge·

193 3419 269 3480 nus
299 3383 643 3483 Tournefortius,
671 3387 864 3505 dixitque

248 3507 305 3616 'V'
333 3505 616 3591 Ch‘m‘lm
635 3505 837 3624 supinum,
866 3505 1051 3588 Abrotam'
1094 3511 1167 3589 olio
1195 3509 1267 3618 11¹st
1279 3564 1294 3594 ο
1314 3511 1479 3599 Ruerb.
1563 3484 1567 3494 ¹
1649 3491 1651 3496 ’

306 3645 400 3729 494
429 3623 563 3700 Antea
592 3639 700 3698 emm
736 3615 948 3702 vocabant
987 3618 1218 3704 Abmthium
1256 3649 1471 3708 montanum

309 3731 550 3819 Chamaemeli
570 3757 719 3840 magno,
736 3727 835 3841 flore
859 3731 908 3811 C.
934 3733 978 3814 B.
1008 3741 1095 3816 Pin.
1129 3761 1217 3841 140.

325 3849 428 3933 Une
471 3840 697 3962 sequuntur
734 3837 822 3928 duo
850 3867 1004 3960 genera
1032 3848 1288 3959 Millefolium
1315 3845 1469 3933 scilieet

355 3955 402 4044 &
430 3963 647 4053 Pramr'cr,
676 3979 770 4066 quat
798 3955 1073 4041 exterioribus
1102 3963 1212 4044 notis
1243 3983 1333 4050 tum
1356 3987 1380 4045 a
1402 3985 1475 4046 coa

189 4077 327 4200 gnatis
349 4069 637 4187 sejunguntur,
666 4088 756 4152 tum
776 4066 884 4152 inter
903 4067 940 4151 se
965 4063 1179 4158 differunt.

200 4245 204 4256 ·
249 4189 511 4308 Millefolium
522 4211 632 4298 porro
654 4209 772 4294 genus
799 4185 1036 4264 radiatum
1046 4185 1388 4306 florumql‚cujus
1403 4183 1477 4296 stoa

196 4319 256 4420 ηε
281 4329 365 4418 tum
382 4295 656 4418 sempioscttlost
677 4319 760 4414 itm
774 4293 956 4414 flosculqfi
974 4304 1016 4382 iu
1035 4302 1191 4518 raedssu
1212 4305 1377 4420 capitula
1398 4297 1479 4414 disi¹
