4168 5418
509 209 809 324 LIBER
857 107 1243 326 PRIMiUS.
1419 251 1451 333 7

243 326 468 524 opulofore
492 332 637 446 globofit
664 325 868 417 Tournef.
895 332 976 440 inst.
1004 333 1058 418 R.
1082 331 1210 417 Ηενό.ι
1234 339 1337 447 607,
1367 335 1517 425 ini-*m

239 453 329 526 xr‘no
381 447 554 529 umiliorr'
568 449 655 558 seve
682 449 808 526 altera
833 445 1077 559 Theophrasti
1088 505 1102 542 ‚
1127 456 1271 533 minore
1297 447 1344 544 ό*
1369 464 1518 537 tenuia.

234 586 277 637 rr
306 556 398 658 fhlio
425 557 475 639 C.
487 560 529 642 B.
555 569 629 644 rin
654 561 761 663 416,
782 555 827 637 in
852 559 996 640 Palmis
1017 559 1283 753 Dadylile'rir3.
1294 561 1508 672 sterilibun

232 664 278 747 in
306 679 377 749 Am
397 701 528 769 anna,
556 673 600 756 in
628 677 877 783 Carimpanna
904 673 1017 750 Hort.
1045 673 1155 752 Mala
1180 730 1222 768 .,
1249 672 1296 754 in
1323 669 1510 787 plurimis

266 803 327 862 uae
356 695 462 868 tiore
490 781 619 896 pleno
648 801 888 870 ornantur.
918 785 995 866 Hae
1030 779 1161 896 igitur
1184 809 1332 869 omnes
1366 783 1513 899 stirpes

226 801 390 982 {alix
429 921 560 1013 quam
596 889 810 1008 plurime,
838 920 939 1012 quas
967 914 1171 1007 praetereo
1191 957 1206 992 ,
1230 890 1354 984 nullis
1383 895 1515 984 deco-

226 1027 371 1094 rantur
389 1005 563 1096 floribus
583 1068 599 1104 ,,
617 1005 820 1124 quoniam
836 1002 1130 1124 embryonibus
1149 1009 1292 1102 affixos
1321 1037 1396 1098 eos
1415 1035 1507 1096 non

226 1107 391 1205 ferunt?
419 1120 499 1205 Sed
528 1119 632 1235 quid
660 1145 740 1204 nos
768 1116 938 1230 amplius
966 1119 1030 1201 his
1045 1117 1256 1212 ,haeremus
1284 1120 1441 1206 inutilia
1468 1149 1513 1207 e-

222 1230 393 1346 xempla
421 1225 664 1327 afferendo,
692 1227 865 1345 quando
883 1229 943 1316 ’δι
961 1227 1188 1316 Αυᾶοτειῃ
1208 1231 1336 1344 ipsum
1355 1233 1408 1318 de
1427 1227 1510 1325 hac

221 1336 470 1428 definitione
497 1341 687 1433 dubitare
714 1341 922 1437 videmus,
951 1339 1025 1457 qui
1052 1337 1281 1454 profesto,
1311 1371 1406 1432 cum
1431 1347 1509 1431 flo·

222 1448 281 1539 tis
310 1476 501 1540 naturam
537 1456 654 1542 larius
682 1471 827 1564 patere
865 1447 1212 1540 animadvertisset
1226 1519 1243 1566 r
1268 1483 1420 1576 quam,
1459 1478 1511 1546 ut

220 1557 304 1648 hnc
339 1566 529 1650 finitione
564 1562 840 1660 circumscribi
869 1563 1025 1679 potiit,
1062 1562 1224 1650 senon
1246 1571 1360 1654 floris
1387 1583 1505 1657 nutu·

178 1727 181 1732 ,
217 1697 308 1770 rain
345 1675 386 1759 in
426 1676 659 1768 universum
692 1678 893 1768 nunciare
930 1671 1197 1792 fignificrvit,
1241 1677 1309 1766 sed
1337 1708 1431 1801 quae
1458 1682 1504 1782 in

216 1782 408 1898 plurimis
436 1791 710 1905 reperiretur,
740 1789 816 1876 illis
844 1788 1019 1880 vocibus
1041 1793 1204 1907 persepe
1222 1791 1505 1912 &plerunque

215 1896 413 2010 adjettu.
438 1897 700 1992 Manifestum
727 1910 871 2021 itaque
899 1902 958 1998 est
984 1896 1074 1987 illa:
1090 1907 1165 2018 flos
1192 1905 1247 2016 est·
1258 1913 1395 2020 planta
1408 1934 1506 2022 pars

216 2012 399 2097 coloribus
419 2028 584 2133 propriis
606 2017 719 2131 perfie
744 2049 763 2102 e
794 2019 962 2132 instgnr‘s,
980 2019 1209 2130 frufluique
1232 2020 1402 2131 nascenti
1417 2022 1502 2129 plc-

213 2153 358 2237 runque
386 2127 580 2214 adherens
614 2128 667 2212 ad
706 2043 819 2212 iioris
856 2149 1044 2213 naturam
1081 2130 1125 2211 in
1152 2129 1388 2216 universum
1411 2151 1502 2212 non

216 2238 448 2348 pertinere.
486 2247 581 2356 Age
608 2261 814 2326 tentemus
842 2263 942 2326 num
967 2237 1021 2326 sic
1048 2241 1161 2326 floris
1190 2261 1335 2328 natura
1363 2233 1502 2353 expla-

215 2369 340 2446 netur
360 2377 374 2434 t
391 2353 468 2464 stes
496 2357 546 2464 est
564 2359 705 2468 planta
725 2383 853 2469 pars,
891 2385 969 2465 qua
987 2361 1160 2468 primum
1193 2357 1418 2438 alimentum
1444 2355 1501 2436 ad

212 2467 614 2580 tenerrimarfruiius
632 2491 766 2580 parter
804 2469 1050 2580 explicandas
1072 2467 1284 2576 mimstrare
1310 2467 1500 2549 videtur.

209 2571 371 2672 ¹Verum
390 2575 500 2672 hanc
520 2603 697 2696 quoque
721 2575 1010 2665 definitionem
1032 2578 1125 2694 quis
1148 2575 1368 2670 retinebit?
1393 2583 1497 2666 Sunt

212 2686 383 2802 quidem
439 2691 595 2778 lurimae
623 2689 798 2802 plantae,
826 2713 875 2782 ut
902 2689 1197 2790 indicavimus,
1224 2717 1319 2808 quae
1347 2689 1496 2778 florem

211 2820 374 2888 tantum
400 2715 540 2892 iirunt
565 2801 647 2890 sine
674 2797 834 2893 fruetu:
863 2831 951 2887 non
979 2803 1104 2918 igitur
1134 2804 1245 2887 floris
1276 2822 1421 2887 natura
1449 2829 1495 2888 e-

210 2911 290 3010 rit,
319 2937 367 3000 ut
384 2921 540 3024 ftut'irri
565 2920 789 3002 alimentum
815 2917 1026 3027 ministret3
1050 2916 1253 3034 quoniam
1274 2913 1336 2996 his
1359 2907 1491 2998 nullus

208 3021 271 3110 est
296 3019 481 3116 fructus.
505 3029 672 3118 Deinde
699 3025 837 3116 multae
863 3052 1039 3148 quoque
1058 3039 1178 3140 juxta
1204 3018 1492 3116 Tournefortii

205 3141 448 3230 sententiam
475 3139 772 3255 reperiuntur,
813 3166 907 3259 quae
935 3132 1115 3228 frustum
1141 3157 1302 3262 tanturn
1327 3129 1490 3265 ferunt,

212 3250 328 3342 nullo
366 3257 472 3344 flore
511 3275 703 3344 ornatae.
737 3254 810 3341 His
839 3249 1015 3346 srmiliter
1054 3249 1122 3338 iila
1151 3251 1262 3337 floris
1299 3246 1491 3338 definitio

214 3383 306 3448 non
334 3369 532 3460 convenit
562 3399 576 3473 3
604 3371 764 3484 quippe
791 3393 970 3486 quarum
996 3360 1152 3454 fructus
1180 3361 1265 3448 fine
1291 3356 1494 3446 alimemo

214 3475 438 3571 artioribus
468 3479 663 3574 exhibitu
688 3479 969 3572 maturitatem
992 3473 1173 3568 habent.
1645 3501 1647 3506 ’
