4126 5420
657 203 740 314 138
878 183 1587 305 DISSERTATIO

640 323 741 405 l-laec
771 310 1001 432 generatim
1031 308 1073 393 in
1111 325 1232 424 Lappa
1270 311 1326 392 ita
1352 303 1393 389 se
1420 304 1579 395 habent
1606 339 1620 414 3
1662 310 1783 404 restat
1821 327 1870 414 u't'

582 429 791 552 speciatim
818 455 866 511 ea
895 417 1668 620 contemplemur..Quodssuqouantum
1697 425 1753 512 eat
1781 460 1866 524 uua

1096 533 1292 639 abemus)
1324 529 1500 650 intelligi
1516 535 1678 648 potest,-
1705 544 1869 652 praesta.

587 563 716 661 (nam
741 539 858 626 hanc·
878 557 1037 626 tantum

588 666 739 756 bimus.

641 777 694 857 Et
722 766 903 884 primum
939 787 1035 850 cum
1063 779 1186 958 Lappa

585 885 759 1005 muamis
790 874 956 964 aduncis
968 869 1217 993 inaquaibu

586 1001 806 1085 ducentem
834 989 943 1073 banc
971 1004 1130 1106 Lappam
1157 1009 1373 1076 novamus.
1402 984 1475 1069 His
1501 982 1675 1102 squamas
1704 1011 1865 1100 perexa

586 1108 832 1196 eremitatem
858 1099 1031 1184 hamatis
1061 1095 1369 1214 conglobantur
1400 1091 1548 1194 flores,
1577 1101 1860 1213 monopetali,

584 1210 792 1306 llostuloli
819 1211 993 1328 proprie
1021 1211 1154 1307 disti,
1176 1209 1237 1290 in
1264 1236 1340 1292 ora
1381 1208 1601 1304 multifidi,
1640 1209 1687 1296 δι
1708 1211 1861 1314 rubria

587 1361 683 1421 cum
710 1323 896 1419 violacea
923 1325 1071 1440 vagina
1100 1317 1274 1409 &tuba
1306 1316 1428 1408 bifida
1472 1352 1521 1406 ac
1548 1319 1665 1408 alba:
1713 1323 1862 1416 semina

590 1467 767 1566 quoque
787 1438 858 1522 bis
868 1434 1041 1554 squamis
1071 1430 1365 1548 comprehensa
1374 1434 1465 1519 sunt
1484 1432 1738 1552 thalamique
1749 1436 1861 1557 iqua*
1886 1509 1890 1518 .

529 1629 531 1632 .
590 1559 669 1644 mis
689 1549 989 1646 discriminata,
1017 1543 1226 1663 oblonga,
1258 1539 1304 1626 &
1329 1546 1476 1657 pappis
1507 1543 1723 1633 balbusta.
1851 1579 1854 1622 τ

591 1708 596 1714 ·
650 1664 843 1782 Gignitur
870 1659 1103 1776 porrohaee
1131 1654 1272 1852 vulpo·
1299 1657 1342 1740 in
1371 1661 1506 1755 areis,
1544 1658 1587 1738 in
1628 1663 1865 1772 compitisa'

589 1775 818 1894 praestantia
846 1805 896 1860 ac
924 1773 994 1863 usu
1021 1770 1191 1856 Medico
1219 1769 1291 1853 atis
1320 1765 1556 1854 nobilitata.
1584 1767 1865 1887 PleriqueAn

588 1899 705 1976 elium
733 1882 986 1976 Dioscoridis
1010 1881 1190 1987 faciunt3
1220 1882 1339 1980 ideo,
1368 1881 1485 1996 Casp.
1510 1878 1696 1968 Baubino
1716 1883 1864 1970 austot

540 2096 545 2103 ,
586 2023 657 2102 te,
686 1998 900 2112 inscripta:
1673 2029 1677 2036 ·
1730 2031 1735 2041 ¹

701 2128 821 2226 Lappa
850 2145 910 2195 ma
920 2123 989 2208 br,
1017 2115 1189 2193 Arnim
1214 2105 1449 2219 Dioscuridis
1474 2115 1555 2192 Pin.
1587 2102 1664 2212 198

587 2220 712 2312 Foliis
725 2251 859 2307 amara
870 2151 1037 2308 elbcitra
1048 2217 1360 2334 mordacitatem
1369 2282 1386 2321 ,¹
1404 2243 1606 2335 papyrum
1619 2235 1756 2303 nmen
1775 2239 1862 2306 non

564 2331 864 2431 ,commaculat
872 2366 888 2429 ,·
915 2355 957 2417 at
983 2329 1102 2416 radix
1128 2331 1507 2448 amarioris·gustus
1535 2326 1763 2442 languidius
1782 2331 1864 2418 tin*

586 2446 673 2570 git'.
702 2442 980 2556 Experientia.
996 2467 1172 2570 quoque
1199 2471 1296 2530 com
1329 2467 1461 2530 ertum
1488 2440 1659 2529 utilioris
1683 2437 1785 2524 usus'
1803 2439 1862 2522 el:

585 2559 626 2642 le
653 2552 857 2651 radicem,
888 2579 1014 2672 quam
1041 2549 1160 2639 folia:
1190 2469 1379 2644 Partibus
1400 2551 1658 2649 volatilibus3
1685 2550 1863 2636 tenuiffi-

584 2663 696 2762 mis,
736 2665 782 2751 &
811 2663 864 2749 ad
890 2689 1053 2750 motum
1079 2670 1267 2754 maxime.
1284 2671 1389 2784 aptis
1419 2665 1607 2756 constare
1646 2661 1861 2762 creditura

585 2777 734 2896 quibus
763 2775 962 2865 viscerum
989 2773 1158 2869 infartus
1188 2779 1411 2881 tolluntur,
1441 2783 1563 2870 urina
1592 2809 1639 2866 ac
1667 2772 1790 2866 sudor
1818 2801 1861 2861 ει

455 2927 457 2933 2
584 2891 760 3086 peritur.
786 2889 980 2974 Proxima
1009 2895 1219 2978 tamenin
1247 2893 1534 2982 communibus
1562 2891 1646 2980 laus
1675 2879 1862 2978 estfsoriu

616 3027 688 3097 us,
717 2999 762 3084 δέ
790 3001 916 3086 radici
953 3003 1138 3093 adversus
1160 2997 1450 3114 pleuritidem.
1477 3003 1651 3087 Praesena
1682 3021 1864 3119 quoque

583 3109 855 3198 medicinaest
881 3111 1064 3198 radixex
1091 3140 1199 3229 aqua
1227 3111 1351 3198 codla
1378 3113 1432 3196 ad
1458 3110 1568 3201 luem
1595 3115 1863 3212 Veneream,

584 3223 638 3309 ad
667 3220 800 3310 febres
827 3221 1145 3337 pestilentiales‚
1173 3251 1269 3310 cum
1296 3221 1461 3340 pustulis
1490 3253 1545 3310 ac¹
1567 3218 1736 3312 maculis
1765 3226 1864 3342 (pe.

583 3341 719 3421 ticulas
745 3343 929 3446 vocant)
959 3334 1219 3452 exasperatur
1256 3337 1434 3426 inficitur
1469 3365 1519 3424 ue
1557 3336 1698 3422 cutis.
1734 3355 1862 3456 Lappa

581 3447 751 3535 usueos
779 3447 1247 3564 &penutnerolevatos,
1277 3455 1351 3570 qui
1364 3481 1459 3540 acer
1488 3448 1619 3532 illimis
1649 3450 1762 3537 'circa
1787 3478 1855 3536 ara

580 3579 644 3648 tus
685 3558 905 3676 doloribus
950 3561 1246 3661 tentabantur,
1271 3564 1457 3651 Fotestus
1488 3557 1546 3648 est
1562 3563 1729 3650 auster.
1755 3569 1860 3655 Sunt

581 3673 656 3864 qpi
696 3696 844 3759 contra
872 3673 1055 3788 pedtotis
1095 3677 1194 3764 vitia
1222 3675 1447 3762 commode
1486 3670 1584 3762 usos
1617 3674 1855 3778 affirment3

579 3785 652 3910 aii
678 3781 863 3874 adversus
893 3785 1170 3906 quartanam3
1209 3787 1325 3876 multi
1353 3788 1489 3875 semen
1526 3791 1655 3874 urinae
1684 3777 1856 3872 difficub

579 3913 652 3980 tati
681 3898 836 3982 mederi
864 3901 1075 3986 mernoriae
1107 3899 1343 3987 tradidere.
1380 3899 1637 3988 Extrinsecus
1669 3921 1855 4020 quoque

579 4003 821 4098 adhibetur.
847 4010 970 4098 Foliis
999 4009 1170 4102 vulnera
1194 4013 1390 4132 glutinari
1419 4077 1431 4113 ,
1460 4015 1626 4135 purgar'
1664 4042 1721 4100 ue·
1745 4009 1856 4097 ulce-

577 4144 625 4206 ra
647 4121 841 4239 exempla
869 4123 1230 4218 circumferuntur.
1259 4129 1326 4215 Ad
1340 4126 1571 4214 articulares
1580 4127 1642 4212 do
1660 4142 1853 4210 oresmaz

578 4226 711 4351 lagtna
739 4234 991 4337 celebratur,
1020 4238 1140 4357 quod
1149 4241 1301 4353 recipit
1325 4231 1429 4325 folia
1457 4255 1582 4360 Lappa
1608 4231 1851 4438 conltpestaeep

1218 754 1448 955 proprium
1476 754 1530 886 &⁸
1559 757 1761 880 fingula're
1786 764 1835 854 fit
1850 774 1870 868 ς’

1234 897 1318 999 que
1346 893 1484 983 capita
1494 873 1628 989 cingi,
1649 872 1750 999 ⁸talia
1763 903 1867 990 pto*
