4130 5424
673 301 728 388 rd
889 273 1586 393 DISSE'R'TAiTlo

601 437 691 513 tur,
720 403 968 524 excogitata,
996 423 1123 520 atque
1150 392 1505 488 detestafuillent:
1535 389 1638 522 quid
1665 393 1707 476 in
1728 393 1879 508 plantis¹

602 517 720 644 super
748 520 827 604 hac
854 545 932 611 re,
961 511 1181 632 inquibus
1210 509 1350 600 omnia
1380 509 1427 594 dt
1454 534 1582 626 magis
1611 509 1785 618 operosa
1814 511 1873 598 ola

603 633 837 732 materiam,
868 627 914 715 &
943 651 1037 712 canit
1063 621 1166 710 nihil
1186 619 1277 721 stt,¹
1330 621 1414 711 uod
1442 621 1485 704 in
1512 616 1747 730 exemplum
1776 621 1874 712 allia-

602 769 790 840 mamus,
818 736 1079 832 difficiliora,
1106 762 1186 825 nos
1217 761 1270 820 co
1319 755 1510 825 ecuturos
1539 730 1781 846 speramus?
1818 742 1874 820 Α-

604 883 701 979 garn
728 857 870 971 itaque
889 883 904 949 ,·
932 847 1280 964 quemadmodum
1306 848 1350 930 in
1380 847 1565 940 caeteris,
1604 871 1700 932 cum
1726 845 1874 932 omnia³

603 998 684 1084 pro
712 965 913 1090 dignitate
951 957 1174 1074 complesti
1212 985 1446 1076 nequeam,
1488 955 1667 1046 breviter
1700 983 1871 1046 contra-

602 1085 700 1172 ham
725 1077 955 1169 summam,
990 1095 1210 1183 contentus
1239 1075 1444 1162 rationem
1471 1071 1659 1185 pleniora
1684 1072 1870 1193 quaesitu-

600 1191 656 1288 ris'
684 1187 920 1286 ostendere.
1103 1217 1108 1226 ·
1146 1223 1149 1231 ¹
1195 1231 1198 1238 ·
1865 1233 1870 1240 ·

611 1351 616 1368 ι
657 1301 833 1398 Planta,
863 1319 910 1389 ut
936 1323 990 1380 ex
1016 1295 1095 1380 hac
1123 1318 1331 1411 apparet,
1366 1321 1423 1378 ex
1448 1291 1609 1382 duobus
1639 1291 1766 1384 veluti
1799 1327 1872 1384 co⁴

604 1417 676 1512 nis.
695 1410 895 1524 componi
923 1407 1022 1522 milri
1044 1407 1207 1501 videtur
1234 1435 1309 1522 per
1335 1404 1455 1495 basim
1476 1408 1874 1526 conjuneiis,quana

603 1531 739 1617 nodum
766 1547 985 1622 vocarnus3
1016 1521 1168 1605 horum
1195 1547 1298 1605 unus
1327 1515 1476 1609 sursum
1502 1513 1653 1616 fertur,
1683 1527 1868 1628 caulem,

603 1643 651 1738 &
679 1661 871 1722 truncum
899 1630 1142 1729 constituit,
1171 1627 1407 1724 ‹lrffirnditur
1442 1658 1490 1713 ue
1513 1629 1555 1714 in
1581 1656 1744 1738 tamor,
1769 1635 1869 1723 alter

604 1748 796 1843 deorsum
821 1773 875 1830 ex
901 1742 1063 1827 diredlo
1093 1740 1337 1862 producitur
1356 1803 1369 1839 ‚
1387 1771 1429 1833 e
1459 1740 1576 1866 itque
1612 1743 1655 1826 in
1681 1744 1872 1832 radices.

602 1863 738 1948 Ulivo
766 1865 907 1978 itaque
934 1853 1074 1950 salibus
1092 1851 1204 1940 *foeta
1240 1849 1511 1948 utriculorum
1549 1850 1684 1948 oscula
1708 1853 1870 1949 subiens

602 1977 646 2068 ln
690 1969 830 2094 igneas
856 1968 1001 2060 radicis
1030 1966 1192 2062 fibrilla's
1220 1961 1432 2066 defertur,
1471 1965 1518 2055 δί
1543 1967 1695 2056 deinde
1723 1968 1765 2059 iu
1793 1982 1875 2068 not:

602 2085 730 2172 dum.
753 2089 806 2166 :In
833 2080 953 2166 nodo
982 2101 1120 2168 autem
1148 2107 1320 2200 gemmae
1347 2075 1610 2188 reperiuntur
1633 2078 1806 2189 (harum
1825 2107 1875 2175 oq

603 2197 811 2315 riginem,
839 2217 886 2280 ut
914 2192 1142 2290 innuimus,
1170 2194 1244 2281 suo
1270 2189 1372 2282 loco
1400 2187 1647 2386 trademusg
1671 2217 1776 2304 quas
1795 2191 1873 2278 liu,

603 2331 700 2394 mor
728 2309 862 2406 subit,
892 2301 1187 2498 explicatque,
1227 2303 1278 2388 dc
1300 2330 1376 2416 per
1401 2296 1548 2389 harum
1591 2299 1619 2392 fi
1649 2301 1756 2388 rillas
1785 2305 1874 2418 jugi

603 2421 719 2521 cursu
758 2412 909 2512 deinde
945 2413 1071 2507 abra
1102 2416 1165 2503 icc
1194 2414 1371 2506 ascendit
1409 2411 1460 2498 ad
1489 2415 1729 2509 cacumina,
1769 2441 1872 2508 more

554 2603 557 2608 ,
601 2556 679 2644 per
706 2532 906 2615 corticem
932 2523 989 2612 ad*
1014 2524 1112 2618 imas
1144 2525 1269 2640 usque
1296 2527 1454 2620 radices
1495 2524 1684 2619 deorsum
1702 2521 1871 2623 *fernu·,
1899 2631 1902 2638 Ι

602 2667 652 2726 ac
679 2644 723 2727 in
748 2663 892 2738 omnes
919 2635 1167 2724 divaricatur
1195 2637 1425 2730 mutulos,
1453 2639 1562 2726 Hinc
1590 2640 1751 2726 craffior
1778 2666 1875 2723 cor-

601 2776 676 2838 tex
704 2755 746 2838 in
774 2749 945 2844 radice,
974 2749 1235 2868 utriculisque
1257 2751 1567 2848 referriffiraus,
1597 2751 1798 2864 quoniam
1824 2749 1874 2836 &

601 2897 630 2952 a
656 2887 766 2968 terra
791 2859 1031 2962 subeuntem
1057 2861 1251 2964 succum,
1291 2863 1339 2949 &
1367 2866 1441 2980 qui
1471 2863 1672 2963 attale,
1704 2883 1872 2950 trunco-

605 3007 657 3086 γε
686 2977 1021 3087 redit,excipere
1048 2973 1457 3065 debet.Reticulatus
1516 2983 1662 3094 'uoqut
1689 2973 1875 3072 michea,

602 3117 697 3192 rum
724 3093 945 3186 contextus
975 3087 1017 3178 in
1051 3087 1287 3280 quibusdam
1316 3087 1459 3201 plantis
1487 3001 1570 3181 ίἒιὼ
1600 3092 1760 3180 cortice
1788 3084 1874 3174 lati-

602 3219 685 3299 tat,
708 3221 885 3314 quarum
909 3221 1056 3296 nonnu
1073 3197 1120 3296 1ae
1149 3203 1196 3298 &
1223 3199 1423 3294 corticem
1453 3225 1718 3318 percurrunt.
1742 3202 1874 3308 Quod

601 3311 760 3401 fadum
787 3305 897 3407 fitill'c
925 3313 1202 3424 conjicimus,
1230 3334 1277 3406 ut
1304 3313 1498 3407 humores
1528 3313 1599 3404 sub
1627 3338 1734 3400 terra
1762 3313 1874 3402 abdi.

600 3427 667 3525 ti,
692 3420 1045 3546 quofibrillaruln
1072 3423 1208 3515 oscula
1234 3421 1388 3513 facilius
1427 3427 1588 3545 ingredi
1616 3429 1794 3543 poliant,
1831 3427 1875 3512 in

599 3558 767 3640 motum
794 3537 999 3630 deantur.
1030 3536 1235 3628 Raditum
1267 3559 1403 3631 autent
1431 3541 1591 3638 nodus,
1620 3565 1699 3637 ne,
1728 3563 1875 3654 repen»

599 3673 646 3737 te
674 3645 821 3738 caloris
852 3673 973 3749 motu
999 3650 1266 3761 reprellb,ad
1297 3655 1422 3739 imum
1441 3653 1590 3742 ‘succus
1610 3649 1873 3747 devolvatur,

599 3757 857 3860 valvularum
877 3760 1036 3876 insuper
1053 3789 1200 3858 munus
1224 3763 1402 3884 praestat,
1430 3771 1479 3850 ln
1501 3763 1738 3862 Cerealibus
1761 3760 1877 3878 aaran„

600 3871 678 3968 tis,
707 3900 800 3989 quae
827 3899 904 3990 per
932 3876 1069 3969 nodos
1095 3875 1441 3975 discriminantur,
1465 3875 1553 3970 hoc
1581 3876 1877 3991 clariuseppa

600 4002 700 4087 'rtt3
731 4008 826 4069 nam
851 4011 948 4074 cum
974 3985 1127 4087 filtrillae
1155 3987 1323 4085 valvulis
1362 3991 1579 4104 priventur
1620 3993 1637 4094 (
1669 3987 1768 4073 ideo
1799 4015 1877 4101 per

599 4111 668 4186 'eas
697 4095 730 4180 it
757 4094 949 4216 reditque
976 4098 1153 4214 humor)
1182 4097 1376 4218 perfacile
1403 4103 1613 4219 gracilem,
1643 4098 1878 4194 &nbula

600 4233 691 4297 tum
718 4207 896 4297 culmum
923 4215 1086 4300 inanem
1114 4211 1367 4333 relinqueret
1395 4217 1633 4304 alimentum
1653 4277 1665 4313 ,
1688 4211 1774 4300 ,nist
1801 4239 1877 4327 per

596 4320 1000 4438 intervallaappofitl
1023 4323 1144 4424 nodi,
1174 4329 1222 4432 de
1242 4329 1877 4451 properantirporaminttrpo·

653 4483 664 4512 κ
731 4489 738 4502 .
975 4491 1001 4510 -·
1753 4463 1823 4521 ne-
