4130 5424
239 391 289 452 ea
328 363 458 480 patiar
485 382 587 453 vos,
629 351 905 444 Humaniffimi
933 353 1178 456 Auditores,
1207 387 1230 444 a
1257 271 1506 450 deditisne

238 503 332 566 rum
351 477 536 564 virorum
557 467 802 558 austeritate
822 465 866 548 in
889 463 963 551 has
985 469 1205 581 opiniones
1228 471 1407 571 adduci,
1461 476 1510 560 ui.

238 585 336 674 licet
360 583 520 676 summi,
548 579 738 666 homines
765 599 935 664 tamen.
964 582 1114 669 Parum
1133 581 1349 670 verisimilis
1372 613 1396 669 a
1417 501 1498 697 ple.

237 699 371 816 risque
398 692 581 785 censetur
609 689 698 777 haec
731 685 784 774 de
813 686 1047 888 plantarum
1077 687 1386 782 foecundatione
1413 692 1499 784 sen-

239 812 396 908 tentia,
425 827 472 895 ut
491 829 573 920 ego
595 863 607 899 ,
631 825 726 894 curu
746 799 800 890 de
852 799 1055 914 ujusmodi
1075 803 1360 925 conjugalibus
1383 807 1499 919 plan.

238 923 288 1006 tis
316 921 455 1007 dicere
482 911 701 1034 aggrediar
729 973 748 1012 ,
771 910 978 1004 clarissime
1006 915 1187 1027 aperiam
1216 977 1225 1002 .
1256 916 1416 1006 Interea
1443 925 1497 1010 de

238 1029 393 1123 horum
433 1029 594 1140 apicum
629 1027 698 1116 usu
724 1025 817 1118 hac
847 1051 871 1114 a
898 1023 1017 1112 nobis
1044 1024 1311 1152 proferuntur
1342 1057 1357 1134 ;
1397 1058 1496 1126 num

235 1145 357 1243 vera,
385 1164 433 1231 ut
461 1139 504 1220 in
524 1134 645 1226 rebus
672 1137 818 1234 dubiis,
848 1135 1084 1234 &incertis
1114 1163 1376 1258 nequaquam
1394 1148 1502 1230 affin

237 1281 351 1342 snare
374 1252 511 1340 audeo
534 1311 546 1345 ,
569 1247 636 1335 sed
654 1270 814 1339 tantum
842 1241 1064 1340 verisimilia
1087 1308 1096 1331 .
1123 1253 1221 1334 Haec
1242 1251 1385 1369 itaque,
1404 1281 1502 1361 corf

233 1361 421 1482 pustula,
440 1382 661 1476 amequarn
682 1360 758 1446 flos
780 1357 995 1475 aperiamr,
1019 1355 1358 1478 expliceturque,
1386 1362 1430 1446 in
1449 1394 1501 1470 ⁰⁴.

233 1475 417 1572 nimbus,
446 1491 663 1592 quotquot
691 1471 827 1560 adhuc
854 1465 973 1564 secui,
1001 1468 1170 1558 floribus
1201 1472 1330 1576 (strui
1360 1499 1501 1568 autem

233 1588 288 1674 ad
327 1585 414 1674 duo
442 1580 604 1690 millia)
641 1590 801 1694 rnajora
839 1579 887 1670 &
913 1575 1139 1668 suceofiora
1171 1587 1344 1695 reperiri
1370 1581 1494 1674 habe-

234 1721 275 1784 te
303 1758 315 1793 ‚
346 1719 474 1816 quarn
501 1689 681 1808 expanso
707 1696 813 1780 flore
840 1717 855 1794 3
884 1689 1034 1780 deinde
1066 1689 1260 1803 paulatim
1286 1693 1493 1783 decresce-

231 1837 310 1903 re,
340 1813 383 1892 in
409 1831 531 1922 rugas
561 1803 783 1901 contrahi,
813 1803 862 1890 dc
889 1803 1057 1892 tandem
1077 1803 1247 1893 exsucca
1276 1803 1492 1895 decidere.

230 1925 386 2008 Soccus
410 1943 536 2036 quem
567 1911 808 2015 asservant,
847 1913 1065 2034 uliginosus
1097 1913 1191 2014 est,
1231 1912 1278 2004 ὃς
1307 1921 1489 2033 partibus

233 2031 318 2132 (ut
342 2059 438 2117 cum
459 2027 525 2144 Ch
600 2027 856 2146 'cisloquar)
880 2026 1113 2118 volatilibus
1134 2021 1305 2119 refertus
1325 2059 1342 2128 ,⁴
1369 2029 1491 2149 quod

231 2139 277 2223 &
304 2138 417 2227 sensu
444 2055 663 2254 explnilate
690 2139 819 2228 licet.
847 2143 966 2250 Quin
986 2138 1169 2252 pluribus
1192 2139 1236 2229 in
1254 2141 1421 2240 floribus
1443 2170 1496 2228 o«

232 2249 345 2337 doris
366 2251 533 2342 suavitas
554 2252 617 2335 his
643 2249 823 2364 partibus
848 2247 1008 2336 insidet.
1035 2249 1241 2338 Facultate
1262 2247 1385 2340 etiam
1403 2253 1495 2354 Mea

230 2361 323 2451 dica
351 2365 483 2476 apices
510 2359 807 2473 nobilitantur&
838 2361 887 2450 &
914 2363 1097 2454 Crocum
1125 2361 1339 2475 aperiendi
1361 2365 1416 2462 vi,
1443 2363 1491 2449 &

229 2476 282 2560 ad
311 2477 539 2566 catasnenia
567 2473 713 2564 cienda
739 2472 1096 2589 prestantissrmum
1117 2477 1288 2560 materia
1308 2475 1493 2590 apicibus

229 2588 406 2704 analoga
454 2582 613 2674 constat
660 2647 671 2670 .
719 2587 874 2695 Muscas
911 2585 1127 2711 squamostu
1165 2649 1177 2684 ,
1225 2583 1492 2712 Abiqtr'formir

229 2691 430 2786 Tournef.
455 2701 536 2809 lnst.
563 2713 607 2782 R.
624 2693 741 2788 uerb.
777 2729 871 2810 553.
893 2753 906 2792 ‚
933 2723 1006 2813 qur
1040 2697 1175 2811 apices
1197 2697 1340 2896 &gart
1364 2753 1383 2794 ,,
1404 2719 1491 2784 tans

230 2829 282 2892 tae
319 2806 480 2897 virtutis
518 2806 655 2894 estad
682 2806 836 2894 meuses
874 2809 1155 2908 evocandos,
1273 2808 1326 2898 ad
1361 2801 1487 2905 foetus

223 2915 503 3005 discutiendos
532 2945 579 3004 ac
608 2915 875 3016 secundinas,
905 2939 951 3004 ut
980 2919 1091 3032 apud
1121 2928 1345 3008 Germanos
1361 2917 1487 3032 phar-

228 3027 461 3146 macopolis
479 3027 745 3118 interdistum
763 3025 810 3120 srt
829 3091 840 3126 ,
863 3052 909 3120 ut
931 3033 1064 3144 palam
1081 3031 1260 3122 habeant
1280 3030 1463 3122 venalem
1476 3045 1494 3138 .ζ

225 3143 363 3228 Sabina
388 3167 575 3264 quoque,
604 3167 698 3339 puae
728 3142 866 3254 apices
893 3143 1026 3261 gerit,
1054 3145 1226 3236 validius
1256 3172 1378 3264 agere
1406 3164 1487 3228 tra-

218 3253 337 3342 ditur
369 3318 379 3337 .
417 3257 556 3359 Quem
584 3281 696 3342 uum
730 3251 783 3337 ad
810 3279 1060 3345 remorantes
1088 3259 1305 3352 mulierum
1330 3247 1485 3358 menses

228 3367 272 3450 in
300 3365 384 3452 aliis
413 3362 646 3479 plantarum
673 3361 853 3479 apicibus
879 3364 1127 3564 exploravi.
1157 3363 1379 3454 Probabile
1409 3366 1485 3480 igi-

228 3501 296 3568 tur
336 3474 393 3562 est
424 3537 437 3572 ‚
464 3475 581 3563 intra
606 3477 696 3565 haec
724 3477 962 3588 corpuscua
991 3537 1003 3575 ,
1040 3505 1133 3595 quae
1165 3469 1328 3566 utriculi
1356 3470 1445 3566 sunt
1471 3535 1485 3576 ,

223 3585 476 3705 peculiarem
501 3587 665 3680 sucttun
690 3587 875 3688 secerni,
903 3589 977 3708 qui
1004 3615 1082 3704 per
1115 3589 1265 3679 stamen
1293 3585 1347 3676 ad
1373 3615 1486 3690 rece-¹

225 3699 437 3818 ptaculum
463 3697 676 3799 defertur,
704 3701 750 3788 &
777 3731 802 3792 a
830 3699 1097 3816 receptaculo
1134 3702 1186 3788 ad
1214 3700 1485 3820 embryonem

229 3811 570 3932 transit,ejusque
581 3837 717 3929 partes
728 3817 865 3930 primo
884 3813 1021 3911 afficit,
1030 3815 1313 3934 explicatque.
1341 3819 1484 3920 Quan-

225 3949 268 4013 ta
298 3948 434 4012 autem
458 3929 763 4015 machinatione
791 3989 804 4027 ,
843 3951 889 4015 ut
915 3925 1005 4016 haec
1034 3927 1274 4042 corpuscula
1302 3925 1353 4013 ab
1381 3925 1484 4012 aeris

227 4037 489 4128 inclementia
518 4038 850 4159 quamplurimis
879 4041 926 4124 in
952 4034 1098 4152 plantis
1127 4035 1485 4135 defenderentur,

225 4183 249 4238 a
272 4171 418 4240 natura
436 4149 606 4238 sollicita
628 4174 793 4240 cautum
812 4147 860 4239 stt
876 4213 889 4249 ,
908 4153 951 4236 in
969 4150 1151 4268 stirpium
1170 4146 1338 4238 historia
1360 4145 1495 4250 admif

209 4263 430 4353 nistranda
460 4259 625 4354 subinde
652 4261 887 4362 indicabo.
1006 4373 1046 4460 C
1292 4365 1389 4460 Rst

260 4423 266 4432 -
367 4443 371 4452 .
1103 4393 1126 4452 2
1333 4397 1356 4454 e
1390 4391 1432 4456 at
