<?xml version="1.0" encoding="UTF-8"?>
<!DOCTYPE html PUBLIC "-//W3C//DTD XHTML 1.0 Transitional//EN"
    "http://www.w3.org/TR/xhtml1/DTD/xhtml1-transitional.dtd">
<html xmlns="http://www.w3.org/1999/xhtml" xml:lang="en" lang="en">
 <head>
  <title>
</title>
<meta http-equiv="Content-Type" content="text/html;charset=utf-8" />
  <meta name='ocr-system' content='tesseract 3.04.00' />
  <meta name='ocr-capabilities' content='ocr_page ocr_carea ocr_par ocr_line ocrx_word'/>
</head>
<body>
  <div class='ocr_page' id='page_1' title='image "./juliipontederae00manfgoog_0385.png"; bbox 0 0 4130 5424; ppageno 0'>
   <div class='ocr_carea' id='block_1_1' title="bbox 559 213 1841 3024">
    <p class='ocr_par' dir='ltr' id='par_1_1' title="bbox 627 213 1550 348">
     <span class='ocr_line' id='line_1_1' title="bbox 627 213 1550 348; baseline -0.01 -23"><span class='ocrx_word' id='word_1_1' title='bbox 627 241 688 348; x_wconf 54' lang='lat' dir='ltr'><em>ss</em></span> <span class='ocrx_word' id='word_1_2' title='bbox 847 213 1550 344; x_wconf 68' lang='lat' dir='ltr'><em>DISSERTATJO</em></span> 
     </span>
    </p>

    <p class='ocr_par' dir='ltr' id='par_1_2' title="bbox 559 341 1841 3024">
     <span class='ocr_line' id='line_1_2' title="bbox 615 341 1838 460; baseline -0.01 -16"><span class='ocrx_word' id='word_1_3' title='bbox 615 351 755 444; x_wconf 77' lang='lat' dir='ltr'>Restat</span> <span class='ocrx_word' id='word_1_4' title='bbox 783 344 925 438; x_wconf 84' lang='lat' dir='ltr'>ultima</span> <span class='ocrx_word' id='word_1_5' title='bbox 947 345 1057 429; x_wconf 85' lang='lat' dir='ltr'>floris</span> <span class='ocrx_word' id='word_1_6' title='bbox 1085 371 1177 458; x_wconf 89' lang='lat' dir='ltr'>pars</span> <span class='ocrx_word' id='word_1_7' title='bbox 1203 369 1354 457; x_wconf 82' lang='lat' dir='ltr'><strong>nempe</strong></span> <span class='ocrx_word' id='word_1_8' title='bbox 1378 341 1598 457; x_wconf 87' lang='lat' dir='ltr'>pistillum,</span> <span class='ocrx_word' id='word_1_9' title='bbox 1628 343 1748 460; x_wconf 87' lang='lat' dir='ltr'>quod</span> <span class='ocrx_word' id='word_1_10' title='bbox 1767 349 1838 433; x_wconf 70' lang='lat' dir='ltr'>taa&#39;·</span> 
     </span>
     <span class='ocr_line' id='line_1_3' title="bbox 559 449 1824 575; baseline -0.008 -22"><span class='ocrx_word' id='word_1_11' title='bbox 559 487 657 553; x_wconf 88' lang='lat' dir='ltr'>men</span> <span class='ocrx_word' id='word_1_12' title='bbox 685 460 738 549; x_wconf 89' lang='lat' dir='ltr'>ad</span> <span class='ocrx_word' id='word_1_13' title='bbox 771 453 946 544; x_wconf 71' lang='lat' dir='ltr'>frustum</span> <span class='ocrx_word' id='word_1_14' title='bbox 975 455 1130 568; x_wconf 77' lang='lat' dir='ltr'>speslat</span> <span class='ocrx_word' id='word_1_15' title='bbox 1163 486 1177 557; x_wconf 83' lang='lat'>3</span> <span class='ocrx_word' id='word_1_16' title='bbox 1208 449 1390 570; x_wconf 88' lang='lat' dir='ltr'>ideoque</span> <span class='ocrx_word' id='word_1_17' title='bbox 1418 453 1530 540; x_wconf 88' lang='lat' dir='ltr'>sunul</span> <span class='ocrx_word' id='word_1_18' title='bbox 1559 452 1612 540; x_wconf 89' lang='lat' dir='ltr'>de</span> <span class='ocrx_word' id='word_1_19' title='bbox 1641 477 1824 575; x_wconf 85' lang='lat' dir='ltr'>utroque</span> 
     </span>
     <span class='ocr_line' id='line_1_4' title="bbox 559 562 1825 678; baseline -0.017 -11"><span class='ocrx_word' id='word_1_20' title='bbox 559 577 686 668; x_wconf 84' lang='lat' dir='ltr'>verba</span> <span class='ocrx_word' id='word_1_21' title='bbox 713 570 903 659; x_wconf 90' lang='lat' dir='ltr'>faciemus</span> <span class='ocrx_word' id='word_1_22' title='bbox 936 631 946 650; x_wconf 91' lang='lat'><strong>.</strong></span> <span class='ocrx_word' id='word_1_23' title='bbox 975 568 1089 653; x_wconf 87' lang='lat' dir='ltr'>Sicut</span> <span class='ocrx_word' id='word_1_24' title='bbox 1117 564 1354 652; x_wconf 80' lang='lat' dir='ltr'><strong>animalibus</strong></span> <span class='ocrx_word' id='word_1_25' title='bbox 1418 593 1510 653; x_wconf 83' lang='lat' dir='ltr'>uarn</span> <span class='ocrx_word' id='word_1_26' title='bbox 1544 562 1726 678; x_wconf 84' lang='lat' dir='ltr'><strong>plurimis</strong></span> <span class='ocrx_word' id='word_1_27' title='bbox 1754 597 1825 655; x_wconf 72' lang='lat' dir='ltr'>na⁴</span> 
     </span>
     <span class='ocr_line' id='line_1_5' title="bbox 560 593 1827 794; baseline -0.016 -18"><span class='ocrx_word' id='word_1_28' title='bbox 560 711 654 776; x_wconf 88' lang='lat' dir='ltr'>tura</span> <span class='ocrx_word' id='word_1_29' title='bbox 682 707 841 774; x_wconf 86' lang='lat' dir='ltr'>uterum</span> <span class='ocrx_word' id='word_1_30' title='bbox 868 677 1053 766; x_wconf 84' lang='lat' dir='ltr'>attribuit</span> <span class='ocrx_word' id='word_1_31' title='bbox 1089 737 1102 774; x_wconf 90' lang='lat'>‚</span> <span class='ocrx_word' id='word_1_32' title='bbox 1139 680 1182 761; x_wconf 89' lang='lat' dir='ltr'>in</span> <span class='ocrx_word' id='word_1_33' title='bbox 1210 702 1300 792; x_wconf 91' lang='lat' dir='ltr'>quo</span> <span class='ocrx_word' id='word_1_34' title='bbox 1329 593 1574 794; x_wconf 71' lang='lat' dir='ltr'>crnbryones</span> <span class='ocrx_word' id='word_1_35' title='bbox 1602 679 1827 766; x_wconf 44' lang='lat' dir='ltr'>nutrimen*</span> 
     </span>
     <span class='ocr_line' id='line_1_6' title="bbox 561 787 1829 904; baseline -0.017 -16"><span class='ocrx_word' id='word_1_36' title='bbox 561 823 651 888; x_wconf 89' lang='lat' dir='ltr'>tum</span> <span class='ocrx_word' id='word_1_37' title='bbox 676 796 879 882; x_wconf 85' lang='lat' dir='ltr'>haberent</span> <span class='ocrx_word' id='word_1_38' title='bbox 912 851 923 886; x_wconf 91' lang='lat'><strong><em>,</em></strong></span> <span class='ocrx_word' id='word_1_39' title='bbox 967 788 1014 872; x_wconf 89' lang='lat'>&amp;</span> <span class='ocrx_word' id='word_1_40' title='bbox 1041 789 1280 876; x_wconf 89' lang='lat' dir='ltr'>incubatum</span> <span class='ocrx_word' id='word_1_41' title='bbox 1312 814 1324 872; x_wconf 73' lang='lat' dir='ltr'>a</span> <span class='ocrx_word' id='word_1_42' title='bbox 1363 792 1418 874; x_wconf 85' lang='lat' dir='ltr'>ita</span> <span class='ocrx_word' id='word_1_43' title='bbox 1447 795 1489 873; x_wconf 90' lang='lat' dir='ltr'>iu</span> <span class='ocrx_word' id='word_1_44' title='bbox 1522 787 1668 902; x_wconf 90' lang='lat' dir='ltr'>plantis</span> <span class='ocrx_word' id='word_1_45' title='bbox 1696 818 1829 904; x_wconf 83' lang='lat' dir='ltr'>quam</span> 
     </span>
     <span class='ocr_line' id='line_1_7' title="bbox 564 895 1829 1018; baseline -0.007 -23"><span class='ocrx_word' id='word_1_46' title='bbox 564 911 661 995; x_wconf 88' lang='lat' dir='ltr'>dam</span> <span class='ocrx_word' id='word_1_47' title='bbox 701 908 805 996; x_wconf 91' lang='lat' dir='ltr'>uteri</span> <span class='ocrx_word' id='word_1_48' title='bbox 847 901 1022 987; x_wconf 84' lang='lat' dir='ltr'>formam</span> <span class='ocrx_word' id='word_1_49' title='bbox 1049 901 1291 997; x_wconf 86' lang='lat' dir='ltr'>constituit,</span> <span class='ocrx_word' id='word_1_50' title='bbox 1323 903 1395 1018; x_wconf 91' lang='lat' dir='ltr'>qui</span> <span class='ocrx_word' id='word_1_51' title='bbox 1424 895 1578 987; x_wconf 71' lang='lat' dir='ltr'>frustus</span> <span class='ocrx_word' id='word_1_52' title='bbox 1607 898 1736 1014; x_wconf 87' lang='lat' dir='ltr'>vulgo</span> <span class='ocrx_word' id='word_1_53' title='bbox 1766 904 1829 986; x_wconf 86' lang='lat' dir='ltr'>di-</span> 
     </span>
     <span class='ocr_line' id='line_1_8' title="bbox 563 1012 1832 1130; baseline -0.002 -29"><span class='ocrx_word' id='word_1_54' title='bbox 563 1025 671 1108; x_wconf 82' lang='lat' dir='ltr'>c&#39;ltur</span> <span class='ocrx_word' id='word_1_55' title='bbox 702 1033 724 1113; x_wconf 81' lang='lat'>,²</span> <span class='ocrx_word' id='word_1_56' title='bbox 745 1042 835 1130; x_wconf 91' lang='lat' dir='ltr'>quo</span> <span class='ocrx_word' id='word_1_57' title='bbox 865 1012 999 1097; x_wconf 88' lang='lat' dir='ltr'>semen</span> <span class='ocrx_word' id='word_1_58' title='bbox 1032 1015 1316 1099; x_wconf 85' lang='lat' dir='ltr'>contineretur</span> <span class='ocrx_word' id='word_1_59' title='bbox 1346 1075 1358 1110; x_wconf 89' lang='lat'><strong>,</strong></span> <span class='ocrx_word' id='word_1_60' title='bbox 1388 1013 1435 1098; x_wconf 88' lang='lat'>&amp;</span> <span class='ocrx_word' id='word_1_61' title='bbox 1462 1014 1564 1098; x_wconf 83' lang='lat' dir='ltr'>aeris</span> <span class='ocrx_word' id='word_1_62' title='bbox 1594 1013 1832 1104; x_wconf 76' lang='lat' dir='ltr'>viciffitudi-&#39;</span> 
     </span>
     <span class='ocr_line' id='line_1_9' title="bbox 564 1121 1836 1241; baseline -0.005 -25"><span class='ocrx_word' id='word_1_63' title='bbox 564 1159 636 1216; x_wconf 89' lang='lat' dir='ltr'>nes</span> <span class='ocrx_word' id='word_1_64' title='bbox 672 1189 683 1224; x_wconf 90' lang='lat'><strong>,</strong></span> <span class='ocrx_word' id='word_1_65' title='bbox 724 1127 772 1211; x_wconf 90' lang='lat'>&amp;</span> <span class='ocrx_word' id='word_1_66' title='bbox 799 1121 1032 1211; x_wconf 85' lang='lat' dir='ltr'>animalium</span> <span class='ocrx_word' id='word_1_67' title='bbox 1063 1121 1221 1208; x_wconf 83' lang='lat' dir='ltr'>insidias</span> <span class='ocrx_word' id='word_1_68' title='bbox 1254 1121 1548 1239; x_wconf 79' lang='lat' dir='ltr'>propulsaret.</span> <span class='ocrx_word' id='word_1_69' title='bbox 1585 1123 1836 1241; x_wconf 69' lang='lat' dir='ltr'>Hiczfigura‘</span> 
     </span>
     <span class='ocr_line' id='line_1_10' title="bbox 565 1232 1829 1351; baseline 0 -28"><span class='ocrx_word' id='word_1_70' title='bbox 565 1232 804 1350; x_wconf 85' lang='lat' dir='ltr'>multiplex,</span> <span class='ocrx_word' id='word_1_71' title='bbox 834 1235 882 1318; x_wconf 85' lang='lat'>&amp;</span> <span class='ocrx_word' id='word_1_72' title='bbox 910 1233 1046 1322; x_wconf 85' lang='lat' dir='ltr'>varius</span> <span class='ocrx_word' id='word_1_73' title='bbox 1073 1260 1162 1316; x_wconf 91' lang='lat' dir='ltr'>non</span> <span class='ocrx_word' id='word_1_74' title='bbox 1185 1233 1314 1330; x_wconf 88' lang='lat' dir='ltr'>solum</span> <span class='ocrx_word' id='word_1_75' title='bbox 1341 1234 1645 1324; x_wconf 81' lang='lat' dir='ltr'>indissimilibus</span> <span class='ocrx_word' id='word_1_76' title='bbox 1675 1238 1829 1351; x_wconf 80' lang='lat' dir='ltr'>planta-</span> 
     </span>
     <span class='ocr_line' id='line_1_11' title="bbox 565 1340 1831 1466; baseline 0 -32"><span class='ocrx_word' id='word_1_77' title='bbox 565 1380 660 1438; x_wconf 90' lang='lat' dir='ltr'>rum</span> <span class='ocrx_word' id='word_1_78' title='bbox 688 1347 904 1464; x_wconf 87' lang='lat' dir='ltr'>generibus</span> <span class='ocrx_word' id='word_1_79' title='bbox 932 1406 945 1440; x_wconf 92' lang='lat'>,</span> <span class='ocrx_word' id='word_1_80' title='bbox 973 1340 1040 1426; x_wconf 90' lang='lat' dir='ltr'>scd</span> <span class='ocrx_word' id='word_1_81' title='bbox 1065 1346 1190 1432; x_wconf 90' lang='lat' dir='ltr'>etiam</span> <span class='ocrx_word' id='word_1_82' title='bbox 1212 1343 1352 1448; x_wconf 85' lang='lat' dir='ltr'>inillis</span> <span class='ocrx_word' id='word_1_83' title='bbox 1376 1377 1470 1466; x_wconf 86' lang='lat' dir='ltr'>quae</span> <span class='ocrx_word' id='word_1_84' title='bbox 1488 1349 1742 1464; x_wconf 84' lang='lat' dir='ltr'>cognatione</span> <span class='ocrx_word' id='word_1_85' title='bbox 1760 1376 1831 1465; x_wconf 62' lang='lat' dir='ltr'>ge</span> 
     </span>
     <span class='ocr_line' id='line_1_12' title="bbox 565 1453 1827 1572; baseline 0.001 -25"><span class='ocrx_word' id='word_1_86' title='bbox 565 1464 673 1547; x_wconf 83' lang='lat' dir='ltr'>neris</span> <span class='ocrx_word' id='word_1_87' title='bbox 701 1460 903 1572; x_wconf 83' lang='lat' dir='ltr'>proximae</span> <span class='ocrx_word' id='word_1_88' title='bbox 931 1453 1042 1539; x_wconf 89' lang='lat' dir='ltr'>sunt.</span> <span class='ocrx_word' id='word_1_89' title='bbox 1070 1459 1182 1544; x_wconf 83' lang='lat' dir='ltr'>Dum</span> <span class='ocrx_word' id='word_1_90' title='bbox 1209 1457 1401 1557; x_wconf 85' lang='lat' dir='ltr'>tenellus,</span> <span class='ocrx_word' id='word_1_91' title='bbox 1428 1461 1633 1558; x_wconf 91' lang='lat' dir='ltr'>carnosus,</span> <span class='ocrx_word' id='word_1_92' title='bbox 1666 1461 1715 1546; x_wconf 89' lang='lat'>&amp;</span> <span class='ocrx_word' id='word_1_93' title='bbox 1743 1463 1827 1549; x_wconf 85' lang='lat' dir='ltr'>suc-</span> 
     </span>
     <span class='ocr_line' id='line_1_13' title="bbox 565 1561 1840 1688; baseline 0.003 -32"><span class='ocrx_word' id='word_1_94' title='bbox 565 1575 603 1659; x_wconf 88' lang='lat' dir='ltr'>ci</span> <span class='ocrx_word' id='word_1_95' title='bbox 633 1571 800 1686; x_wconf 83' lang='lat' dir='ltr'>plenus3</span> <span class='ocrx_word' id='word_1_96' title='bbox 842 1589 884 1654; x_wconf 94' lang='lat' dir='ltr'>at</span> <span class='ocrx_word' id='word_1_97' title='bbox 929 1561 1116 1680; x_wconf 67' lang='lat' dir='ltr'>perfeElo</span> <span class='ocrx_word' id='word_1_98' title='bbox 1143 1568 1331 1666; x_wconf 81' lang='lat' dir='ltr'>sesninc,</span> <span class='ocrx_word' id='word_1_99' title='bbox 1368 1568 1601 1688; x_wconf 84' lang='lat' dir='ltr'>plerunque</span> <span class='ocrx_word' id='word_1_100' title='bbox 1630 1574 1840 1660; x_wconf 68' lang='lat' dir='ltr'>contrahe-2</span> 
     </span>
     <span class='ocr_line' id='line_1_14' title="bbox 565 1677 1835 1873; baseline -0.008 -104"><span class='ocrx_word' id='word_1_101' title='bbox 565 1685 638 1769; x_wconf 84' lang='lat' dir='ltr'>scit</span> <span class='ocrx_word' id='word_1_102' title='bbox 674 1744 687 1780; x_wconf 88' lang='lat'>,</span> <span class='ocrx_word' id='word_1_103' title='bbox 740 1677 1086 1873; x_wconf 65' lang='lat' dir='ltr'>exsrccaturcppc‚</span> <span class='ocrx_word' id='word_1_104' title='bbox 1143 1681 1270 1797; x_wconf 88' lang='lat' dir='ltr'>inque</span> <span class='ocrx_word' id='word_1_105' title='bbox 1298 1677 1434 1792; x_wconf 87' lang='lat' dir='ltr'>plures</span> <span class='ocrx_word' id='word_1_106' title='bbox 1462 1683 1710 1798; x_wconf 87' lang='lat' dir='ltr'>dispergitur</span> <span class='ocrx_word' id='word_1_107' title='bbox 1739 1711 1835 1798; x_wconf 79' lang='lat' dir='ltr'>par.</span> 
     </span>
     <span class='ocr_line' id='line_1_15' title="bbox 567 1785 1829 1890; baseline -0.001 -11"><span class='ocrx_word' id='word_1_108' title='bbox 567 1817 660 1890; x_wconf 87' lang='lat' dir='ltr'>tes,</span> <span class='ocrx_word' id='word_1_109' title='bbox 689 1790 834 1878; x_wconf 86' lang='lat' dir='ltr'>semina</span> <span class='ocrx_word' id='word_1_110' title='bbox 863 1785 970 1878; x_wconf 86' lang='lat' dir='ltr'>effun</span> <span class='ocrx_word' id='word_1_111' title='bbox 1002 1816 1104 1875; x_wconf 89' lang='lat' dir='ltr'>ens:</span> <span class='ocrx_word' id='word_1_112' title='bbox 1134 1791 1178 1872; x_wconf 92' lang='lat' dir='ltr'>in</span> <span class='ocrx_word' id='word_1_113' title='bbox 1190 1789 1396 1877; x_wconf 90' lang='lat' dir='ltr'>nonnullis</span> <span class='ocrx_word' id='word_1_114' title='bbox 1425 1792 1626 1888; x_wconf 86' lang='lat' dir='ltr'>camosus,</span> <span class='ocrx_word' id='word_1_115' title='bbox 1655 1795 1700 1879; x_wconf 89' lang='lat'><strong>&amp;</strong></span> <span class='ocrx_word' id='word_1_116' title='bbox 1719 1795 1829 1880; x_wconf 86' lang='lat' dir='ltr'>rnol-</span> 
     </span>
     <span class='ocr_line' id='line_1_16' title="bbox 567 1901 1833 2018; baseline -0.002 -28"><span class='ocrx_word' id='word_1_117' title='bbox 567 1903 614 1990; x_wconf 89' lang='lat' dir='ltr'>lis</span> <span class='ocrx_word' id='word_1_118' title='bbox 636 1901 814 1994; x_wconf 88' lang='lat' dir='ltr'>servatur</span> <span class='ocrx_word' id='word_1_119' title='bbox 837 1965 848 2002; x_wconf 93' lang='lat'><strong>,</strong></span> <span class='ocrx_word' id='word_1_120' title='bbox 876 1904 986 1990; x_wconf 91' lang='lat' dir='ltr'>utin</span> <span class='ocrx_word' id='word_1_121' title='bbox 1009 1905 1177 2016; x_wconf 85' lang='lat' dir='ltr'>pomis,</span> <span class='ocrx_word' id='word_1_122' title='bbox 1207 1904 1339 1989; x_wconf 83' lang='lat' dir='ltr'>baccis</span> <span class='ocrx_word' id='word_1_123' title='bbox 1364 1963 1375 2000; x_wconf 87' lang='lat'>,</span> <span class='ocrx_word' id='word_1_124' title='bbox 1401 1902 1653 1990; x_wconf 79' lang='lat' dir='ltr'>&amp;similibus</span> <span class='ocrx_word' id='word_1_125' title='bbox 1675 1964 1687 1999; x_wconf 90' lang='lat'><strong>,</strong></span> <span class='ocrx_word' id='word_1_126' title='bbox 1710 1904 1833 2018; x_wconf 88' lang='lat' dir='ltr'>quod</span> 
     </span>
     <span class='ocr_line' id='line_1_17' title="bbox 568 2010 1834 2132; baseline 0.001 -31"><span class='ocrx_word' id='word_1_127' title='bbox 568 2010 733 2101; x_wconf 84' lang='lat' dir='ltr'>fortall&#39;e</span> <span class='ocrx_word' id='word_1_128' title='bbox 753 2015 929 2132; x_wconf 85' lang='lat' dir='ltr'>contigit</span> <span class='ocrx_word' id='word_1_129' title='bbox 951 2075 963 2109; x_wconf 90' lang='lat'>,</span> <span class='ocrx_word' id='word_1_130' title='bbox 992 2037 1044 2096; x_wconf 89' lang='lat' dir='ltr'>ne</span> <span class='ocrx_word' id='word_1_131' title='bbox 1065 2012 1251 2127; x_wconf 86' lang='lat' dir='ltr'>placenta</span> <span class='ocrx_word' id='word_1_132' title='bbox 1273 2014 1317 2097; x_wconf 90' lang='lat' dir='ltr'>in</span> <span class='ocrx_word' id='word_1_133' title='bbox 1338 2013 1402 2096; x_wconf 91' lang='lat' dir='ltr'>his</span> <span class='ocrx_word' id='word_1_134' title='bbox 1431 2012 1641 2099; x_wconf 81' lang='lat' dir='ltr'>seminibus</span> <span class='ocrx_word' id='word_1_135' title='bbox 1662 2014 1834 2102; x_wconf 86' lang='lat' dir='ltr'>nimium</span> 
     </span>
     <span class='ocr_line' id='line_1_18' title="bbox 567 2121 1836 2325; baseline 0 -115"><span class='ocrx_word' id='word_1_136' title='bbox 567 2123 834 2325; x_wconf 66' lang='lat' dir='ltr'>pxsrccarctur</span> <span class='ocrx_word' id='word_1_137' title='bbox 855 2190 864 2211; x_wconf 91' lang='lat'><strong>.</strong></span> <span class='ocrx_word' id='word_1_138' title='bbox 892 2123 969 2211; x_wconf 84' lang='lat' dir='ltr'>Sed</span> <span class='ocrx_word' id='word_1_139' title='bbox 994 2130 1077 2235; x_wconf 82' lang='lat' dir='ltr'>jani</span> <span class='ocrx_word' id='word_1_140' title='bbox 1096 2126 1263 2238; x_wconf 86' lang='lat' dir='ltr'>expedit</span> <span class='ocrx_word' id='word_1_141' title='bbox 1285 2121 1421 2238; x_wconf 85' lang='lat' dir='ltr'>partes</span> <span class='ocrx_word' id='word_1_142' title='bbox 1441 2123 1677 2244; x_wconf 84' lang='lat' dir='ltr'>diligentius</span> <span class='ocrx_word' id='word_1_143' title='bbox 1697 2151 1836 2212; x_wconf 87' lang='lat' dir='ltr'>recen-</span> 
     </span>
     <span class='ocr_line' id='line_1_19' title="bbox 585 2268 1834 2326; baseline -0.002 -1"><span class='ocrx_word' id='word_1_144' title='bbox 585 2268 677 2326; x_wconf 88' lang='lat' dir='ltr'>erc.</span> <span class='ocrx_word' id='word_1_145' title='bbox 1830 2300 1834 2311; x_wconf 78' lang='lat'>-</span> 
     </span>
     <span class='ocr_line' id='line_1_20' title="bbox 621 2348 1835 2470; baseline 0.002 -36"><span class='ocrx_word' id='word_1_146' title='bbox 621 2355 720 2440; x_wconf 87' lang='lat' dir='ltr'>Pars</span> <span class='ocrx_word' id='word_1_147' title='bbox 751 2354 890 2470; x_wconf 86' lang='lat' dir='ltr'>itaque</span> <span class='ocrx_word' id='word_1_148' title='bbox 917 2351 1006 2436; x_wconf 85' lang='lat' dir='ltr'>haec</span> <span class='ocrx_word' id='word_1_149' title='bbox 1036 2355 1048 2447; x_wconf 57' lang='grc' dir='ltr'><strong><em>ς</em></strong></span> <span class='ocrx_word' id='word_1_150' title='bbox 1078 2353 1236 2438; x_wconf 89' lang='lat' dir='ltr'>cortice</span> <span class='ocrx_word' id='word_1_151' title='bbox 1264 2349 1313 2438; x_wconf 78' lang='grc'>81</span> <span class='ocrx_word' id='word_1_152' title='bbox 1340 2374 1463 2441; x_wconf 81' lang='lat' dir='ltr'>carne</span> <span class='ocrx_word' id='word_1_153' title='bbox 1492 2348 1714 2448; x_wconf 85' lang='lat' dir='ltr'>constans,</span> <span class='ocrx_word' id='word_1_154' title='bbox 1750 2377 1835 2437; x_wconf 71' lang='lat' dir='ltr'>ute-</span> 
     </span>
     <span class='ocr_line' id='line_1_21' title="bbox 566 2462 1828 2580; baseline 0.006 -43"><span class='ocrx_word' id='word_1_155' title='bbox 566 2489 678 2560; x_wconf 71' lang='lat' dir='ltr'>rus,</span> <span class='ocrx_word' id='word_1_156' title='bbox 718 2462 953 2576; x_wconf 83' lang='lat' dir='ltr'>Malpighio</span> <span class='ocrx_word' id='word_1_157' title='bbox 984 2462 1153 2548; x_wconf 68' lang='lat' dir='ltr'>aubiore</span> <span class='ocrx_word' id='word_1_158' title='bbox 1186 2523 1197 2560; x_wconf 93' lang='lat'>,</span> <span class='ocrx_word' id='word_1_159' title='bbox 1225 2487 1487 2580; x_wconf 89' lang='lat' dir='ltr'>nuncupatur</span> <span class='ocrx_word' id='word_1_160' title='bbox 1519 2493 1532 2565; x_wconf 83' lang='lat'>3</span> <span class='ocrx_word' id='word_1_161' title='bbox 1575 2489 1668 2578; x_wconf 83' lang='lat' dir='ltr'>quae</span> <span class='ocrx_word' id='word_1_162' title='bbox 1695 2464 1828 2547; x_wconf 89' lang='lat' dir='ltr'>modo</span> 
     </span>
     <span class='ocr_line' id='line_1_22' title="bbox 574 2571 1832 2691; baseline -0.002 -31"><span class='ocrx_word' id='word_1_163' title='bbox 574 2571 748 2660; x_wconf 83' lang='lat' dir='ltr'>carnosa</span> <span class='ocrx_word' id='word_1_164' title='bbox 776 2575 953 2661; x_wconf 88' lang='lat' dir='ltr'>servatur</span> <span class='ocrx_word' id='word_1_165' title='bbox 984 2634 996 2669; x_wconf 91' lang='lat'>‚</span> <span class='ocrx_word' id='word_1_166' title='bbox 1037 2595 1082 2680; x_wconf 86' lang='lat' dir='ltr'>ut</span> <span class='ocrx_word' id='word_1_167' title='bbox 1109 2576 1152 2659; x_wconf 88' lang='lat' dir='ltr'>in</span> <span class='ocrx_word' id='word_1_168' title='bbox 1172 2572 1257 2660; x_wconf 87' lang='lat' dir='ltr'>hoc</span> <span class='ocrx_word' id='word_1_169' title='bbox 1281 2589 1443 2662; x_wconf 79' lang='lat' dir='ltr'>Limonis</span> <span class='ocrx_word' id='word_1_170' title='bbox 1463 2599 1592 2691; x_wconf 86' lang='lat' dir='ltr'>pomo</span> <span class='ocrx_word' id='word_1_171' title='bbox 1618 2633 1629 2670; x_wconf 88' lang='lat'>,</span> <span class='ocrx_word' id='word_1_172' title='bbox 1659 2574 1701 2656; x_wconf 91' lang='lat' dir='ltr'>in</span> <span class='ocrx_word' id='word_1_173' title='bbox 1729 2591 1832 2658; x_wconf 79' lang='lat' dir='ltr'>Nuce</span> 
     </span>
     <span class='ocr_line' id='line_1_23' title="bbox 571 2683 1836 2788; baseline -0.002 -16"><span class='ocrx_word' id='word_1_174' title='bbox 571 2687 652 2772; x_wconf 88' lang='lat' dir='ltr'>bac</span> <span class='ocrx_word' id='word_1_175' title='bbox 678 2748 690 2782; x_wconf 87' lang='lat'>,</span> <span class='ocrx_word' id='word_1_176' title='bbox 719 2685 766 2771; x_wconf 90' lang='lat'>&amp;</span> <span class='ocrx_word' id='word_1_177' title='bbox 792 2687 835 2768; x_wconf 91' lang='lat' dir='ltr'>in</span> <span class='ocrx_word' id='word_1_178' title='bbox 862 2683 924 2769; x_wconf 91' lang='lat' dir='ltr'>his</span> <span class='ocrx_word' id='word_1_179' title='bbox 948 2684 1106 2772; x_wconf 71' lang='lat' dir='ltr'>cunetis</span> <span class='ocrx_word' id='word_1_180' title='bbox 1126 2684 1323 2775; x_wconf 68' lang='lat' dir='ltr'>fructibus</span> <span class='ocrx_word' id='word_1_181' title='bbox 1346 2723 1363 2788; x_wconf 90' lang='lat'><em>;</em></span> <span class='ocrx_word' id='word_1_182' title='bbox 1388 2687 1522 2773; x_wconf 90' lang='lat' dir='ltr'>modo</span> <span class='ocrx_word' id='word_1_183' title='bbox 1549 2683 1651 2769; x_wconf 80' lang='lat' dir='ltr'>sicca</span> <span class='ocrx_word' id='word_1_184' title='bbox 1676 2689 1836 2784; x_wconf 88' lang='lat' dir='ltr'>evadit,</span> 
     </span>
     <span class='ocr_line' id='line_1_24' title="bbox 584 2792 1839 2996; baseline -0.002 -113"><span class='ocrx_word' id='word_1_185' title='bbox 584 2795 707 2883; x_wconf 86' lang='lat' dir='ltr'>&#39;ualis</span> <span class='ocrx_word' id='word_1_186' title='bbox 747 2798 791 2880; x_wconf 89' lang='lat' dir='ltr'>in</span> <span class='ocrx_word' id='word_1_187' title='bbox 823 2792 1081 2912; x_wconf 81' lang='lat' dir='ltr'>leguminosrs</span> <span class='ocrx_word' id='word_1_188' title='bbox 1111 2798 1270 2996; x_wconf 55' lang='lat' dir='ltr'>plantis</span> <span class='ocrx_word' id='word_1_189' title='bbox 1303 2863 1316 2897; x_wconf 93' lang='lat'>,</span> <span class='ocrx_word' id='word_1_190' title='bbox 1358 2804 1400 2884; x_wconf 92' lang='lat' dir='ltr'>in</span> <span class='ocrx_word' id='word_1_191' title='bbox 1427 2798 1490 2886; x_wconf 91' lang='lat' dir='ltr'>his</span> <span class='ocrx_word' id='word_1_192' title='bbox 1519 2805 1688 2893; x_wconf 79' lang='lat' dir='ltr'>Aceris,</span> <span class='ocrx_word' id='word_1_193' title='bbox 1724 2801 1839 2884; x_wconf 73' lang='lat' dir='ltr'>Tirsa-</span> 
     </span>
     <span class='ocr_line' id='line_1_25' title="bbox 565 2821 1841 3024; baseline 0.002 -32"><span class='ocrx_word' id='word_1_194' title='bbox 565 2821 705 3024; x_wconf 58' lang='lat' dir='ltr'>Jpeos,</span> <span class='ocrx_word' id='word_1_195' title='bbox 733 2915 1017 2993; x_wconf 79' lang='lat' dir='ltr'>Toxirodendrt&#39;</span> <span class='ocrx_word' id='word_1_196' title='bbox 1044 2901 1109 2998; x_wconf 85' lang='lat' dir='ltr'>fru</span> <span class='ocrx_word' id='word_1_197' title='bbox 1154 2911 1277 2998; x_wconf 85' lang='lat' dir='ltr'>ibus.</span> <span class='ocrx_word' id='word_1_198' title='bbox 1305 2912 1445 2999; x_wconf 85' lang='lat' dir='ltr'>Ambit</span> <span class='ocrx_word' id='word_1_199' title='bbox 1471 2910 1560 2996; x_wconf 86' lang='lat' dir='ltr'>haec</span> <span class='ocrx_word' id='word_1_200' title='bbox 1599 2907 1709 2995; x_wconf 81' lang='lat' dir='ltr'>hanc</span> <span class='ocrx_word' id='word_1_201' title='bbox 1738 2911 1841 2996; x_wconf 56' lang='lat' dir='ltr'>inte*</span> 
     </span>
    </p>
   </div>
   <div class='ocr_carea' id='block_1_2' title="bbox 572 3019 1842 3218">
    <p class='ocr_par' dir='ltr' id='par_1_3' title="bbox 572 3019 1842 3218">
     <span class='ocr_line' id='line_1_26' title="bbox 572 3019 1842 3218; baseline 0.002 -114"><span class='ocrx_word' id='word_1_202' title='bbox 572 3023 730 3104; x_wconf 88' lang='lat' dir='ltr'>riorctu</span> <span class='ocrx_word' id='word_1_203' title='bbox 769 3021 787 3122; x_wconf 93' lang='lat'>(</span> <span class='ocrx_word' id='word_1_204' title='bbox 818 3021 884 3103; x_wconf 93' lang='lat' dir='ltr'>cui</span> <span class='ocrx_word' id='word_1_205' title='bbox 902 3025 1079 3132; x_wconf 73' lang='lat' dir='ltr'>placenta</span> <span class='ocrx_word' id='word_1_206' title='bbox 1106 3027 1304 3128; x_wconf 89' lang='lat' dir='ltr'>nomen)</span> <span class='ocrx_word' id='word_1_207' title='bbox 1333 3019 1621 3218; x_wconf 62' lang='lat' dir='ltr'>srbimproxime</span> <span class='ocrx_word' id='word_1_208' title='bbox 1653 3021 1842 3146; x_wconf 64' lang='lat' dir='ltr'>positama&#39;</span> 
     </span>
    </p>
   </div>
   <div class='ocr_carea' id='block_1_3' title="bbox 494 3126 1852 4370">
    <p class='ocr_par' dir='ltr' id='par_1_4' title="bbox 494 3126 1852 4370">
     <span class='ocr_line' id='line_1_27' title="bbox 573 3126 1833 3247; baseline 0.002 -37"><span class='ocrx_word' id='word_1_209' title='bbox 573 3126 945 3247; x_wconf 88' lang='lat' dir='ltr'>circumsepitque,</span> <span class='ocrx_word' id='word_1_210' title='bbox 975 3151 1100 3245; x_wconf 90' lang='lat' dir='ltr'>atque</span> <span class='ocrx_word' id='word_1_211' title='bbox 1129 3131 1189 3216; x_wconf 92' lang='lat' dir='ltr'>illi</span> <span class='ocrx_word' id='word_1_212' title='bbox 1223 3159 1297 3245; x_wconf 89' lang='lat' dir='ltr'>per</span> <span class='ocrx_word' id='word_1_213' title='bbox 1326 3154 1387 3219; x_wconf 85' lang='lat' dir='ltr'>tra</span> <span class='ocrx_word' id='word_1_214' title='bbox 1434 3127 1599 3222; x_wconf 86' lang='lat' dir='ltr'>versales</span> <span class='ocrx_word' id='word_1_215' title='bbox 1628 3133 1833 3219; x_wconf 82' lang='lat' dir='ltr'>utriculos</span> 
     </span>
     <span class='ocr_line' id='line_1_28' title="bbox 573 3239 1845 3359; baseline 0.001 -36"><span class='ocrx_word' id='word_1_216' title='bbox 573 3239 745 3342; x_wconf 81' lang='lat' dir='ltr'>firmiter</span> <span class='ocrx_word' id='word_1_217' title='bbox 771 3246 911 3326; x_wconf 82' lang='lat' dir='ltr'>unitur</span> <span class='ocrx_word' id='word_1_218' title='bbox 948 3302 956 3325; x_wconf 92' lang='lat'>.</span> <span class='ocrx_word' id='word_1_219' title='bbox 998 3240 1288 3338; x_wconf 86' lang='lat' dir='ltr'>Collabascunt</span> <span class='ocrx_word' id='word_1_220' title='bbox 1318 3271 1447 3359; x_wconf 90' lang='lat' dir='ltr'>porro</span> <span class='ocrx_word' id='word_1_221' title='bbox 1476 3240 1640 3333; x_wconf 85' lang='lat' dir='ltr'>utriculi</span> <span class='ocrx_word' id='word_1_222' title='bbox 1668 3242 1713 3326; x_wconf 83' lang='lat' dir='ltr'>hi</span> <span class='ocrx_word' id='word_1_223' title='bbox 1746 3309 1758 3344; x_wconf 91' lang='lat'>‚</span> <span class='ocrx_word' id='word_1_224' title='bbox 1786 3241 1845 3330; x_wconf 59' lang='lat' dir='ltr'>sc„</span> 
     </span>
     <span class='ocr_line' id='line_1_29' title="bbox 575 3347 1847 3474; baseline 0.006 -39"><span class='ocrx_word' id='word_1_225' title='bbox 575 3352 689 3438; x_wconf 87' lang='lat' dir='ltr'>mine</span> <span class='ocrx_word' id='word_1_226' title='bbox 718 3347 940 3465; x_wconf 67' lang='lat' dir='ltr'>perfeeto,</span> <span class='ocrx_word' id='word_1_227' title='bbox 969 3353 1017 3440; x_wconf 86' lang='lat'>&amp;</span> <span class='ocrx_word' id='word_1_228' title='bbox 1046 3375 1181 3443; x_wconf 86' lang='lat' dir='ltr'>uterus</span> <span class='ocrx_word' id='word_1_229' title='bbox 1210 3388 1234 3442; x_wconf 90' lang='lat' dir='ltr'>a</span> <span class='ocrx_word' id='word_1_230' title='bbox 1270 3356 1457 3474; x_wconf 87' lang='lat' dir='ltr'>placenta</span> <span class='ocrx_word' id='word_1_231' title='bbox 1487 3353 1733 3470; x_wconf 86' lang='lat' dir='ltr'>disjungitur</span> <span class='ocrx_word' id='word_1_232' title='bbox 1754 3385 1847 3443; x_wconf 81' lang='lat' dir='ltr'>mo-</span> 
     </span>
     <span class='ocr_line' id='line_1_30' title="bbox 494 3463 1843 3584; baseline 0.004 -37"><span class='ocrx_word' id='word_1_233' title='bbox 494 3558 500 3568; x_wconf 21' lang='lat' dir='ltr'>q</span> <span class='ocrx_word' id='word_1_234' title='bbox 574 3465 633 3548; x_wconf 88' lang='lat' dir='ltr'>do</span> <span class='ocrx_word' id='word_1_235' title='bbox 662 3463 829 3561; x_wconf 76' lang='lat' dir='ltr'>sensim,</span> <span class='ocrx_word' id='word_1_236' title='bbox 858 3464 964 3550; x_wconf 91' lang='lat' dir='ltr'>utin</span> <span class='ocrx_word' id='word_1_237' title='bbox 984 3509 987 3516; x_wconf 36' lang='lat' dir='ltr'><em>v</em></span> <span class='ocrx_word' id='word_1_238' title='bbox 1006 3475 1250 3584; x_wconf 76' lang='lat' dir='ltr'>Amygdalis‚</span> <span class='ocrx_word' id='word_1_239' title='bbox 1278 3476 1421 3584; x_wconf 82' lang='lat' dir='ltr'>corylis</span> <span class='ocrx_word' id='word_1_240' title='bbox 1448 3530 1460 3566; x_wconf 89' lang='lat'><strong>,</strong></span> <span class='ocrx_word' id='word_1_241' title='bbox 1488 3478 1739 3565; x_wconf 77' lang='lat' dir='ltr'>Stramuniis,</span> <span class='ocrx_word' id='word_1_242' title='bbox 1768 3488 1843 3553; x_wconf 84' lang='lat' dir='ltr'>Ne-</span> 
     </span>
     <span class='ocr_line' id='line_1_31' title="bbox 575 3577 1843 3694; baseline 0.004 -34"><span class='ocrx_word' id='word_1_243' title='bbox 575 3585 646 3660; x_wconf 78' lang='lat' dir='ltr'>rr&#39;is</span> <span class='ocrx_word' id='word_1_244' title='bbox 677 3629 688 3672; x_wconf 76' lang='lat'>,</span> <span class='ocrx_word' id='word_1_245' title='bbox 716 3577 848 3660; x_wconf 88' lang='lat' dir='ltr'>modo</span> <span class='ocrx_word' id='word_1_246' title='bbox 887 3604 982 3660; x_wconf 86' lang='lat' dir='ltr'>curn</span> <span class='ocrx_word' id='word_1_247' title='bbox 1012 3578 1166 3692; x_wconf 81' lang='lat' dir='ltr'>impetu</span> <span class='ocrx_word' id='word_1_248' title='bbox 1201 3643 1212 3677; x_wconf 88' lang='lat'><strong>,</strong></span> <span class='ocrx_word' id='word_1_249' title='bbox 1241 3583 1423 3694; x_wconf 90' lang='lat' dir='ltr'>partibus</span> <span class='ocrx_word' id='word_1_250' title='bbox 1455 3589 1499 3670; x_wconf 87' lang='lat' dir='ltr'>in</span> <span class='ocrx_word' id='word_1_251' title='bbox 1532 3583 1653 3694; x_wconf 85' lang='lat' dir='ltr'>spiras</span> <span class='ocrx_word' id='word_1_252' title='bbox 1683 3581 1725 3669; x_wconf 93' lang='lat' dir='ltr'>vi</span> <span class='ocrx_word' id='word_1_253' title='bbox 1752 3579 1843 3666; x_wconf 86' lang='lat' dir='ltr'>solis</span> 
     </span>
     <span class='ocr_line' id='line_1_32' title="bbox 575 3687 1846 3806; baseline 0.006 -37"><span class='ocrx_word' id='word_1_254' title='bbox 575 3687 612 3769; x_wconf 90' lang='lat' dir='ltr'>se</span> <span class='ocrx_word' id='word_1_255' title='bbox 632 3687 669 3769; x_wconf 88' lang='lat' dir='ltr'>se</span> <span class='ocrx_word' id='word_1_256' title='bbox 696 3687 1151 3787; x_wconf 87' lang='lat' dir='ltr'>circurnvolventibus,</span> <span class='ocrx_word' id='word_1_257' title='bbox 1180 3701 1294 3804; x_wconf 82' lang='lat' dir='ltr'>cujus</span> <span class='ocrx_word' id='word_1_258' title='bbox 1318 3697 1494 3806; x_wconf 91' lang='lat' dir='ltr'>partium</span> <span class='ocrx_word' id='word_1_259' title='bbox 1518 3691 1725 3779; x_wconf 71' lang='lat' dir='ltr'>strusturae</span> <span class='ocrx_word' id='word_1_260' title='bbox 1747 3705 1846 3776; x_wconf 80' lang='lat' dir='ltr'>Tur-</span> 
     </span>
     <span class='ocr_line' id='line_1_33' title="bbox 575 3801 1848 3922; baseline 0.008 -42"><span class='ocrx_word' id='word_1_261' title='bbox 575 3807 668 3920; x_wconf 64' lang='lat' dir='ltr'>risr&#39;s</span> <span class='ocrx_word' id='word_1_262' title='bbox 697 3801 785 3896; x_wconf 90' lang='lat' dir='ltr'>est,</span> <span class='ocrx_word' id='word_1_263' title='bbox 814 3813 1002 3884; x_wconf 78' lang='lat' dir='ltr'>Dentarr&#39;a</span> <span class='ocrx_word' id='word_1_264' title='bbox 1030 3863 1042 3897; x_wconf 89' lang='lat'>,</span> <span class='ocrx_word' id='word_1_265' title='bbox 1072 3806 1313 3916; x_wconf 71' lang='lat' dir='ltr'>salsamina,</span> <span class='ocrx_word' id='word_1_266' title='bbox 1342 3832 1435 3922; x_wconf 84' lang='lat' dir='ltr'>quae</span> <span class='ocrx_word' id='word_1_267' title='bbox 1459 3805 1584 3922; x_wconf 85' lang='lat' dir='ltr'>longe</span> <span class='ocrx_word' id='word_1_268' title='bbox 1604 3805 1848 3922; x_wconf 50' lang='grc'><strong>1111111611-</strong></span> 
     </span>
     <span class='ocr_line' id='line_1_34' title="bbox 575 3913 1849 4030; baseline 0.008 -37"><span class='ocrx_word' id='word_1_269' title='bbox 575 3921 686 3993; x_wconf 81' lang='lat' dir='ltr'>turna</span> <span class='ocrx_word' id='word_1_270' title='bbox 709 3913 935 4021; x_wconf 71' lang='lat' dir='ltr'>iaculantur</span> <span class='ocrx_word' id='word_1_271' title='bbox 959 3975 967 3993; x_wconf 91' lang='lat'>.</span> <span class='ocrx_word' id='word_1_272' title='bbox 996 3918 1213 4001; x_wconf 89' lang='lat' dir='ltr'>lrrtrinseca</span> <span class='ocrx_word' id='word_1_273' title='bbox 1239 3919 1342 4004; x_wconf 91' lang='lat' dir='ltr'>uteri</span> <span class='ocrx_word' id='word_1_274' title='bbox 1357 3917 1583 4030; x_wconf 84' lang='lat' dir='ltr'>superficies</span> <span class='ocrx_word' id='word_1_275' title='bbox 1605 3947 1628 4004; x_wconf 88' lang='lat' dir='ltr'>a</span> <span class='ocrx_word' id='word_1_276' title='bbox 1651 3917 1849 4028; x_wconf 83' lang='lat' dir='ltr'>superiori</span> 
     </span>
     <span class='ocr_line' id='line_1_35' title="bbox 574 4023 1852 4216; baseline 0.009 -112"><span class='ocrx_word' id='word_1_277' title='bbox 574 4041 694 4216; x_wconf 87' lang='lat' dir='ltr'>parte</span> <span class='ocrx_word' id='word_1_278' title='bbox 723 4025 932 4108; x_wconf 67' lang='lat' dir='ltr'>coarctata</span> <span class='ocrx_word' id='word_1_279' title='bbox 969 4045 1085 4113; x_wconf 87' lang='lat' dir='ltr'>extra</span> <span class='ocrx_word' id='word_1_280' title='bbox 1120 4023 1285 4116; x_wconf 80' lang='lat' dir='ltr'>carnem</span> <span class='ocrx_word' id='word_1_281' title='bbox 1312 4033 1417 4117; x_wconf 89' lang='lat' dir='ltr'>uteri</span> <span class='ocrx_word' id='word_1_282' title='bbox 1446 4033 1491 4114; x_wconf 90' lang='lat' dir='ltr'>in</span> <span class='ocrx_word' id='word_1_283' title='bbox 1520 4031 1629 4116; x_wconf 90' lang='lat' dir='ltr'>hanc</span> <span class='ocrx_word' id='word_1_284' title='bbox 1649 4025 1852 4116; x_wconf 86' lang='lat' dir='ltr'>canalicu-</span> 
     </span>
     <span class='ocr_line' id='line_1_36' title="bbox 591 4133 1848 4253; baseline 0.011 -39"><span class='ocrx_word' id='word_1_285' title='bbox 591 4153 702 4222; x_wconf 79' lang='lat' dir='ltr'>atam</span> <span class='ocrx_word' id='word_1_286' title='bbox 730 4133 1001 4249; x_wconf 85' lang='lat' dir='ltr'>appendicem</span> <span class='ocrx_word' id='word_1_287' title='bbox 1031 4141 1282 4253; x_wconf 87' lang='lat' dir='ltr'>producitur</span> <span class='ocrx_word' id='word_1_288' title='bbox 1311 4142 1447 4228; x_wconf 88' lang='lat' dir='ltr'>modo</span> <span class='ocrx_word' id='word_1_289' title='bbox 1475 4143 1605 4225; x_wconf 81' lang='lat' dir='ltr'>rubam</span> <span class='ocrx_word' id='word_1_290' title='bbox 1635 4138 1768 4226; x_wconf 90' lang='lat' dir='ltr'>modo</span> <span class='ocrx_word' id='word_1_291' title='bbox 1782 4143 1848 4251; x_wconf 57' lang='lat' dir='ltr'>lla}</span> 
     </span>
     <span class='ocr_line' id='line_1_37' title="bbox 576 4246 1851 4370; baseline 0.01 -46"><span class='ocrx_word' id='word_1_292' title='bbox 576 4248 685 4346; x_wconf 66' lang='lat' dir='ltr'>alum</span> <span class='ocrx_word' id='word_1_293' title='bbox 706 4246 757 4334; x_wconf 90' lang='lat' dir='ltr'>ab</span> <span class='ocrx_word' id='word_1_294' title='bbox 781 4249 927 4338; x_wconf 86' lang='lat' dir='ltr'>eodem</span> <span class='ocrx_word' id='word_1_295' title='bbox 940 4249 1178 4370; x_wconf 82' lang='lat' dir='ltr'>Malpighio</span> <span class='ocrx_word' id='word_1_296' title='bbox 1195 4253 1370 4356; x_wconf 69' lang='grc'><strong>(11111111,</strong></span> <span class='ocrx_word' id='word_1_297' title='bbox 1392 4249 1851 4370; x_wconf 57' lang='grc' dir='ltr'>αζουτηοῑοτείονετο</span> 
     </span>
    </p>
   </div>
   <div class='ocr_carea' id='block_1_4' title="bbox 1671 4365 1797 4480">
    <p class='ocr_par' dir='ltr' id='par_1_5' title="bbox 1671 4365 1797 4480">
     <span class='ocr_line' id='line_1_38' title="bbox 1671 4365 1797 4480; baseline -0.016 0"><span class='ocrx_word' id='word_1_298' title='bbox 1671 4365 1797 4480; x_wconf 64' lang='lat' dir='ltr'>assis„</span> 
     </span>
    </p>
   </div>
   <div class='ocr_carea' id='block_1_5' title="bbox 0 0 2093 5424">
    <p class='ocr_par' dir='ltr' id='par_1_6' title="bbox 0 0 2093 5424">
     <span class='ocr_line' id='line_1_39' title="bbox 0 0 2093 5424; baseline 0 0"><span class='ocrx_word' id='word_1_299' title='bbox 0 0 2093 5424; x_wconf 95' lang='lat' dir='ltr'> </span> 
     </span>
    </p>
   </div>
  </div>
 </body>
</html>
