4168 5418
679 303 712 389 4
899 255 1615 360 AmTHoLOGJAE

615 393 752 483 sermo
773 389 851 488 est,
879 384 1111 506 patesas'to,
1139 381 1312 502 intelligi
1332 409 1420 471 non
1439 385 1607 500 poffmt.
1636 384 1769 502 Qr'od
1791 403 1890 500 pro·

615 505 731 595 festo
759 503 875 590 nobis
904 502 962 588 ob
992 499 1036 584 id
1064 501 1188 585 etiarn
1214 499 1342 617 magis
1372 498 1640 585 necessarium
1668 496 1749 596 est,
1777 525 1888 613 quo-

617 616 729 704 'niam
756 642 844 701 non
873 612 924 699 de
954 638 1036 699 una
1063 606 1182 696 floris
1212 634 1361 725 parte,
1399 637 1487 696 non
1517 606 1571 695 de
1598 609 1692 708 usu,
1721 613 1891 697 nonde

616 725 820 825 utilitate,
847 747 896 814 ut
922 723 1023 840 saepe
1053 745 1214 811 tantum
1243 726 1285 810 in
1313 721 1398 808 aliis
1426 723 1576 812 artibus
1613 744 1740 841 atque
1776 720 1905 810 disci.-

617 839 742 958 plinis
769 837 841 938 fit,
871 835 939 926 sed
966 837 1018 924 de
1045 859 1137 923 tota
1162 833 1283 951 ipfius
1312 858 1458 924 natura
1479 835 1721 948 disputaturi
1749 833 1893 935 sumus,

619 981 748 1074 quarn
774 948 920 1040 frustra
948 945 1169 1068 explanare
1198 947 1476 1045 conabimur,
1513 945 1583 1033 nist
1621 970 1716 1034 ante
1753 949 1897 1036 omnia

617 1063 821 1182 ipsiusmet
855 1065 970 1150 floris
1000 1065 1207 1150 rationem
1234 1087 1550 1177 proponamus,
1590 1058 1899 1148 constituamus-

655 1207 732 1276 ue,
759 1179 814 1263 ad
844 1203 971 1294 quam
999 1196 1110 1262 totus
1140 1173 1342 1290 proposui
1370 1179 1510 1289 operis
1542 1175 1653 1260 ordo
1681 1175 1897 1289 dirigatur.

619 1205 726 1378 illud
755 1289 878 1376 etiam
905 1285 1091 1384 accedit,
1120 1308 1166 1372 ut
1195 1314 1250 1373 eo
1277 1283 1511 1401 diligentius
1540 1284 1726 1404 praestare
1748 1286 1900 1374 debea.

620 1431 733 1501 mus,
763 1430 852 1519 quo
881 1398 1065 1516 pluribus
1093 1397 1457 1511 disceptationibus
1495 1422 1625 1521 atque
1654 1421 1901 1488 coutrover.

621 1515 682 1603 sris
711 1516 763 1599 dc
791 1510 910 1600 sloris
949 1533 1096 1596 natura
1137 1508 1248 1626 apud
1286 1510 1510 1595 Botanicos
1549 1514 1748 1625 agitatum
1786 1512 1900 1601 vide.

621 1655 747 1726 nrus3
777 1651 873 1712 cum
901 1619 1174 1743 uuusquisque
1204 1649 1293 1710 non
1322 1649 1417 1738 quae
1442 1619 1546 1709 esset
1571 1624 1684 1708 floris
1714 1624 1799 1721 vis,
1828 1626 1900 1712 de.

622 1738 742 1826 finire
770 1733 895 1826 luerit
922 1735 1131 1854 aggressus
1158 1796 1169 1833 ‚
1211 1763 1356 1827 verum
1382 1762 1478 1851 quae
1505 1733 1733 1852 aptioribus
1763 1738 1898 1827 verbis

622 1851 677 1938 ad
706 1846 815 1938 illam
842 1875 969 1964 quam
997 1844 1170 1973 quisque
1199 1849 1430 1966 plantarum
1458 1847 1704 1935 methodum
1763 1851 1901 1940 colite-

622 1963 764 2059 batur‚
787 1959 1065 2049 circumscribi
1091 1959 1247 2076 posset,
1278 1964 1437 2048 tradere
1457 1959 1674 2051 studuerit.
1744 1960 1906 2051 ineflo..

622 2076 679 2161 ris
707 2073 992 2160 definitionem
1020 2101 1074 2158 ex
1093 2077 1390 2162 Botanicorutn
1409 2073 1581 2161 arbitrio
1603 2076 1647 2160 in
1667 2077 1796 2162 varias
1819 2076 1901 2166 scn-

621 2208 771 2274 tenttas
797 2185 1054 2272 distributam
1081 2184 1299 2287 habemus,
1329 2186 1377 2273 δι
1398 2187 1531 2272 modo
1552 2187 1676 2284 huie,
1705 2189 1835 2276 modo
1856 2189 1902 2277 tl.

622 2295 653 2384 li
682 2325 710 2382 o
742 2299 1301 2388 inioni'accommodatam.
1339 2305 1612 2417 Quapropter
1641 2320 1735 2385 ante
1764 2307 1904 2392 omnis

625 2325 741 2496 illus
754 2409 928 2495 asserere
955 2435 1045 2518 non
1074 2410 1308 2519 dubitabo,
1339 2413 1582 2530 quicunque
1609 2415 1662 2502 de
1687 2407 1803 2504 floris
1832 2445 1903 2503 na-

625 2543 721 2608 tura
748 2521 906 2638 aliquid
934 2545 1212 2636 praecepturus
1241 2522 1330 2622 est,
1401 2526 1560 2614 rotinus
1589 2527 1641 2615 ab
1669 2525 1902 2638 hujusmodi

625 2631 832 2720 sententiis
860 2631 1057 2720 assensum
1085 2634 1290 2723 abducere
1321 2549 1505 2736 debere,
1543 2639 1703 2760 nequid
1745 2663 1900 2728 temere

624 2745 831 2858 suscipiat,
861 2746 982 2864 quod
1011 2743 1096 2831 aliis
1126 2746 1292 2838 tradere
1320 2749 1537 2838 annititur.
1567 2759 1697 2849 Nam,
1725 2750 1754 2838 st
1781 2777 1901 2870 turpe

625 2856 686 2944 est
713 2855 971 2970 Philosopho
999 2856 1120 2946 rebus
1149 2885 1221 2949 aut
1247 2891 1392 2976 parurn
1420 2866 1630 2983 cognitis,
1669 2891 1741 2954 aut
1767 2865 1901 2956 dubiis

626 2967 823 3084 assensum
852 2968 1082 3074 adhibere,
1110 3002 1134 3057 a
1162 2973 1311 3093 quibus
1341 2982 1385 3062 in
1413 3007 1602 3078 errorem
1632 2979 1782 3067 adduci
1812 2977 1904 3095 pos-

627 3080 696 3177 fit,
726 3081 829 3200 quid
858 3082 910 3165 de
940 3077 1247 3181 illo'ditemus,
1280 3090 1353 3204 qui
1382 3115 1435 3170 eo
1465 3093 1477 3170 i
1510 3087 1585 3188 so,
1615 3095 1682 3178 cui
1710 3089 1795 3176 fine
1822 3121 1907 3178 ma·
1966 3183 1968 3188 ,

628 3213 726 3280 turo
756 3191 926 3278 confilio
955 3189 1076 3280 fiterit
1105 3197 1287 3296 assensus,
1317 3115 1716 3288 aliosinlbrmandos
1738 3228 1817 3317 pro
1840 3201 1910 3292 sua

628 3306 735 3396 'virili
765 3307 1040 3424 aggreditur?
1077 3311 1175 3397 Haec
1204 3313 1344 3425 itaque
1385 3335 1479 3397 cum
1516 3311 1572 3397 ita
1610 3311 1718 3415 sint,
1758 3316 1911 3404 mirum

626 3415 824 3534 professo
854 3418 986 3506 videri
1015 3443 1105 3502 non
1134 3423 1291 3524 debet,
1318 3421 1347 3508 li
1373 3447 1476 3520 nos,
1505 3427 1580 3543 qui
1609 3429 1662 3514 ad
1691 3427 1778 3514 hoc
1807 3449 1909 3516 tern-

627 3559 706 3646 pus
735 3527 1139 3619 Tournefortianam
1158 3536 1273 3622 floris
1301 3531 1591 3626 definitionem
1620 3543 1679 3629 ita
1708 3541 1830 3629 secuti
1850 3541 1909 3629 sua

627 3671 742 3756 tuus,
775 3667 820 3728 ut
847 3648 1002 3730 caeteris
1030 3641 1330 3754 praeferendam
1358 3647 1438 3734 csse
1467 3653 1765 3760 judicaremus,
1795 3682 1906 3741 nunc

626 3755 863 3869 postquam
882 3752 982 3840 alios
1013 3755 1158 3842 nostris
1187 3757 1323 3848 lludiis
1356 3759 1564 3848 imbuendi
1593 3767 1830 3880 impositum
1851 3765 1909 3853 est

629 3891 800 3960 munus,
829 3891 918 3949 eam
947 3864 992 3948 in
1019 3869 1244 3986 quaestione
1274 3899 1452 3987 ponam,
1482 3897 1527 3962 ut
1549 3879 1757 4000 quidquid
1788 3881 1833 3962 in
1862 3875 1908 3964 il.

628 3974 671 4064 la
698 3978 831 4063 minus
861 3975 1071 4067 verisimile
1110 3986 1379 4083 continetur,
1421 3992 1706 4104 exprimatur.
1745 3995 1910 4080 Etenim

624 4086 835 4178 nonnulla
862 4091 906 4176 in
935 4089 1014 4176 hac
1042 4089 1332 4210 deprehendi,
1370 4099 1587 4220 inquibus
1627 4105 1821 4192 Ausboris
1850 4105 1910 4190 di-

629 4197 804 4320 ligentia
832 4199 1048 4290 desiderari
1078 4209 1235 4320 potest,
1266 4209 1456 4300 multaab
1486 4213 1582 4315 aliis,
1604 4217 1678 4334 qui
1700 4217 1809 4302 hanc
1830 4220 1909 4298 Bo.

631 4317 787 4403 tauices
813 4317 1018 4410 rationem
1043 4317 1351 4448 sequebantur,
1380 4346 1526 4424 notata
1565 4330 1740 4448 accepi,
1780 4325 1909 4453 multa

1743 4463 1870 4562 trram
