4120 5414
644 203 1037 308 OCTAVA·
1179 213 1249 232 ,ἢ
1321 251 1416 330 Ί9

205 325 491 434 mimorum,
518 335 840 446 Xeraat'he‘mmq,
855 393 859 400 -
876 331 927 436 &
965 338 1166 452 sidentem
1202 259 1483 459 quintolloc'o

202 453 438 540 ‘sermonem
461 449 780 544 conoermnus,
841 467 972 536 entra
1007 446 1141 540 lemen
1179 455 1242 556 &o¹
1262 454 1485 548 thalamum

208 563 461 682 squamatum
488 559 661 649 ferentia
687 625 696 644 .
722 473 921 681 orpheum
947 584 1076 674 genus
1116 562 1291 653 diximus
1309 568 1483 683 effefis

210 690 311 760 miae
339 681 524 792 capitellis
551 697 747 769 coronato,
789 675 886 787 quod
912 683 1016 754 iuter
1042 673 1207 760 thalami
1223 680 1399 791 squamas
1425 689 1481 766 al-

208 795 312 871 veoli
337 793 441 872 modo
470 787 654 902 dispostas
679 796 873 900 recipitur.
922 801 1223 874 Comamauream
1250 819 1354 878 vero
1383 803 1480 878 cae·-

206 905 290 982 tula
306 902 423 1011 ferre
450 931 524 1012 que
543 898 714 1010 squamis
739 897 969 980 imbricatim
991 897 1144 1008 postris,
1174 823 1480 1020 inequalibullioe

204 1011 426 1125 conflaretur,
435 1013 719 1122 semiuaautem
728 1010 1002 1092 membranaceo
1015 1016 1148 1091 annulo
1162 1017 1331 1123 coryleta.
1358 1021 1480 1104 Tunc

203 1124 490 1209 Xeranthcmum
541 1124 616 1203 uod
644 1125 888 1234 capitulorum
905 1119 1081 1232 squamas
1107 1126 1224 1204 colore
1252 1129 1308 1206 ali
1331 1156 1374 1208 uo
1393 1123 1480 1238 spe-

204 1236 345 1347 ciosas,
378 1234 423 1329 (r
451 1151 550 1340 diso
577 1237 760 1345 longiores
783 1237 988 1348 producit.
1025 1236 1080 1314 At
1106 1156 1395 1320 artemisiae
1432 1233 1477 1320 li«

201 1372 285 1460 gna
314 1345 616 1440 recensuimus;
636 1343 772 1456 semea
793 1344 1000 1452 oblongam,
1030 1345 1277 1456 angulorum
1301 1357 1342 1432 e‘a
1370 1357 1472 1462 apice

200 1457 342 1541 duobus
367 1463 436 1539 vel
457 1457 606 1551 trihus,
636 1459 850 1566 quandoque
879 1476 1036 1564 quatuor
1053 1453 1398 1573 filameatisspirris
1415 1491 1476 1544 reo

188 1573 315 1684 fictis
341 1571 546 1653 donorum.
586 1563 950 1678 Expensazhorum
987 1562 1174 1660 ratione,
1201 1567 1320 1652 sextae
1347 1577 1473 1680 pastis

198 1705 351 1796 genera
381 1677 536 1762 ostensa
563 1673 674 1773 sunt,
689 1673 731 1757 in
759 1700 847 1792 qua
875 1677 1172 1785 Ageratoriolea‚
1207 1677 1252 1764 &
1281 1684 1473 1766 coralium

195 1783 809 1906 novegeneracollocaveram,
839 1787 941 1868 illud
968 1796 1009 1868 ia
1026 1788 1174 1899 stemma
1191 1785 1338 1898 femiae
1358 1823 1473 1874 mem-

194 1903 372 1988 branulas
388 1905 547 2014 foreas,
573 1898 661 1986 hoc
691 1924 828 1986 autem
845 1897 1056 2011 squamas,
1086 1919 1306 2014 utrumque
1335 1923 1470 1988 autem

183 2016 265 2123 fiae
291 2024 415 2126 poppis
440 2038 508 2094 aut
524 2012 692 2125 squamis
718 2013 960 2096 thalamum.
997 2013 1050 2094 Et
1079 2011 1282 2128 quopiam
1309 2019 1468 2098 Sautoliu

193 2155 243 2206 aa
270 2122 316 2206 &
354 2126 597 2236 Graphalo'um
629 2121 782 2210 lemma
810 2146 900 2204 non
927 2118 1136 2236 squamata
1176 2116 1344 2208 virilium
1372 2150 1469 2236 pso-

191 2237 371 2328 ducunt,
401 2232 620 2320 thalamum
649 2260 785 2323 autem
812 2230 1032 2317 imbricatis
1063 2227 1214 2315 foliolis
1243 2231 1466 2332 donatum,

191 2344 256 2429 his
285 2343 493 2458 septimam
519 2349 797 2460 alfignavimus
826 2366 1009 2456 partem,
1039 2343 1316 2456 diximusque:
1340 2361 1466 2430 Sauro-

191 2461 311 2540 lirtam
339 2487 413 2570 que
428 2457 681 2569 stagularibus
707 2493 749 2542 ac
775 2457 938 2571 glohosts-
952 2462 1126 2569 capitulis
1153 2457 1308 2565 coaslat,
1338 2455 1383 2550 &a
1400 2457 1466 2566 se

191 2580 291 2652 ntiae
320 2579 441 2650 tereti
449 2596 462 2668 3
495 2571 740 2682 Graphalium
766 2591 938 2662 autem,
967 2573 1066 2680 quod
1092 2576 1211 2680 capita
1262 2565 1381 2677 lobosto
1401 2579 1466 2679 gi-

191 2692 294 2791 guit,
324 2678 371 2770 (r
387 2679 519 2786 semen
547 2680 797 2794 compressum.
827 2676 890 2762 Ab
918 2677 980 2760 his
1014 2676 1065 2762 ad
1092 2597 1299 2788 Scabioshm
1327 2675 1464 2762 transi*

191 2813 280 2875 tum
307 2782 474 2872 fecimus
499 2846 511 2881 ‚
538 2818 611 2899 que
640 2789 918 2882 &thalamum
936 2787 1175 2901 squamatum
1197 2793 1384 2905 producit,
1415 2787 1462 2884 ἀ

179 2902 353 3012 semina,
372 2929 445 3010 que
473 2896 600 3007 rurſsos
626 2900 770 3013 capfiela
798 2898 1077 2983 membranacea
1105 2907 1374 2986 involvuntur.
1393 2903 1460 2983 De

189 3013 270 3096 hac
300 3029 434 3094 autem
462 3007 649 3120 prolixe,
677 3005 965 3124 cumulateque
994 3013 1038 3093 in
1066 3015 1216 3102 ostova
1238 3035 1355 3126 parte
1385 3009 1460 3092 dis-

188 3123 377 3230 seruimus
404 3187 413 3204 .
440 3127 566 3206 Nona
593 3123 815 3233 Echiaopum
841 3119 1034 3234 recepit,
1066 3137 1169 3238 cujus
1189 3127 1334 3233 semina
1358 3125 1460 3206 nuda

190 3239 305 3347 calyce
326 3232 544 3347 squamoso,
572 3233 688 3316 utin
716 3230 906 3340 Scabiofis,
934 3240 1288 3350 cr'rcumsepe'uarur.
1312 3241 1365 3316 Su
1398 3261 1459 3316 re-

188 3375 253 3433 ma
284 3371 376 3458 pars
405 3345 561 3430 decima
589 3337 687 3440 fuit,
716 3347 758 3430 in
787 3368 872 3458 qua
899 3359 935 3422 T
934 3374 1158 3440 attacorum,
1189 3350 1356 3454 Coroyzoi'
1379 3375 1459 3437 em,

188 3459 237 3543 δί
263 3457 476 3574 Seriphium
502 3452 775 3545 ostendimus.
801 3466 838 3534 T
836 3480 984 3537 anaceto
1012 3455 1267 3540 attribuimus
1296 3459 1458 3566 capitula

187 3581 230 3654 iro
257 3570 464 3684 corymbum
490 3569 651 3679 digesta,
673 3565 844 3684 globost5
874 3570 1079 3678 Couyzoidi
1104 3596 1233 3678 magno
1260 3568 1377 3674 calyce
1397 3569 1458 3648 di-

175 3683 284 3795 scum
302 3683 507 3796 soporante
537 3689 679 3784 cintia3
709 3679 877 3792 Seriphio
903 3683 1057 3761 demum
1082 3678 1188 3763 ahlou
1211 3709 1233 3758 a
1255 3737 1266 3772 ,
1285 3678 1457 3788 squamis

188 3795 428 3908 inequalihus
454 3791 626 3902 conflata,
656 3792 702 3888 ch*
728 3799 776 3878 ale
794 3793 981 3902 soliorum
1005 3797 1079 3874 alis
1112 3710 1330 3899 naschntia.
1356 3791 1457 3873 Haec

185 3906 275 3992 lunt
301 3901 461 3989 flosculi
494 3905 665 4018 proprie
693 3905 793 3993 diui
821 3930 998 4020 genera,
1022 3929 1115 4018 que
1142 3898 1258 3990 clall'e
1285 3899 1460 4016 conglo-

186 4017 378 4103 batorum
405 4013 559 4100 florum
585 4015 783 4115 secunda,
813 4016 958 4100 ordine
987 4041 1091 4098 vero
1121 4012 1337 4100 undecima
1358 4035 1460 4094 con-

186 4129 386 4216 tinentur.
415 4129 558 4214 Tertia
584 4127 783 4242 superest,
823 4155 916 4239 quae
944 4125 1087 4240 stirpes
1116 4125 1273 4210 radiata
1303 4122 1460 4231 capitu-

184 4239 223 4325 la
248 4235 433 4363 ¹ferventes
462 4239 793 4360 compleEiitur3
829 4237 1003 4326 Dehas
1031 4265 1164 4351 porro
1194 4231 1364 4428 crastqpa
1391 4233 1459 4318 die

230 4389 258 4418 ·=
317 4389 323 4400 ·
949 4355 992 4436 N
1044 4376 1077 4457 4
1326 4371 1406 4430 rce-
