4120 5414
174 387 273 476 teis:
299 376 355 474 Hi
384 379 556 502 quoque
576 379 621 467 in
643 263 1134 506 sffcintigiiiuryofles
1155 303 1445 513 foueni‚0i1ui.

174 499 251 588 bus
288 495 414 586 tubae.
432 499 475 579 in
512 495 632 606 apice
670 493 845 584 bifidatae
872 496 1130 594 innascuntur
1153 565 1181 602 ,⁴
1195 509 1238 591 in
1267 509 1443 600 totidem

171 609 322 700 sentina
348 605 574 724 compress'a
603 605 850 696 crescentes.

171 835 331 1058 Hls
359 833 497 948 paucis
526 835 579 960 de
606 793 740 948 prima
766 831 964 924 divisione
989 833 1172 938 habitis}
1199 841 1359 959 transeo
1388 843 1446 942 ad

323 946 514 1042 alteram,
543 972 681 1065 inqua
706 949 1080 1065 generacollocavi
1106 954 1227 1039 flores
1252 955 1443 1075 einbryo.

169 1061 289 1150 nibus
318 1055 526 1172 impoitos
555 1055 747 1144 ferentia.
774 1065 970 1163 Quorum
981 1059 1212 1148 discrimina
1235 1085 1330 1167 curu
1339 1056 1443 1155 rnul-¹

169 1193 214 1258 ta
239 1169 347 1267 fint,
385 1197 433 1252 ea
461 1190 620 1262 tanturn
646 1171 691 1258 in
727 1168 931 1258 hodierna
969 1167 1247 1260 diss'ertatione
1275 1175 1445 1289 'pertra

169 1282 322 1369 &tanda
351 1279 661 1395 proposuimus,
689 1309 784 1398 quae
810 1281 959 1368 semina
990 1284 1037 1368 δι
1065 1281 1445 1402 thalamos.pappo

167 1391 366 1482 instrueta
393 1391 635 1504 producunt
656 1425 686 1490 ς’
706 1392 858 1480 deinde
880 1420 982 1588 ἅμα
1011 1390 1211 1482 thalamos
1240 1418 1442 1502 tantum3

167 1504 382 1616 postremo
410 1529 501 1619 quae
528 1504 724 1595 vicissim.
763 1505 878 1587 Exor
909 1505 1036 1589 ientes
1078 1505 1269 1619 itaquea
1307 1513 1446 1624 pruna

167 1611 419 1709 differentia,
449 1613 581 1700 statim
608 1612 663 1698 ad
696 1631 858 1725 cyanum
886 1615 1198 1729 agorediemuu
1227 1621 1347 1744 quod
1369 1649 1442 1736 ge..

166 1749 243 1812 nus
273 1751 367 1812 curn
394 1721 711 1812 Tourncfortius
742 1727 850 1808 inter
877 1681 1066 1814 flofculos
1105 1753 1275 1925 Kroprre
1301 1730 1441 1818 diuos

164 1828 424 1932 collocass'et,
452 1861 530 1924 nos
558 1833 751 1924 adhunc
778 1832 922 1924 locum
948 1837 1103 1926 transtu
1123 1841 1246 1944 'mus3
1278 1843 1442 1961 quippe

162 1947 336 2039 floribus
367 1945 528 2035 constat
555 1971 643 2036 tum
668 1945 883 2034 flosculosrs
912 1955 1085 2065 proprie
1112 1951 1252 2051 dietis,
1280 1979 1368 2040 tum
1386 1954 1442 2040 se-

163 2054 459 2146 miflosculosrs.
486 2061 624 2147 Discus
651 2059 722 2145 hic
733 2057 921 2147 flosculos
950 2067 1161 2162 continet,
1187 2065 1276 2152 haec
1302 2088 1442 2158 autem

164 2196 328 2256 corona
355 2162 667 2276 semiiiosculos3
698 2196 793 2258 nam
819 2169 1034 2264 iriioiculi
1060 2174 1208 2275 ess‘ent,
1237 2181 1441 2296 quoniam

163 2278 342 2379 steriles,
370 2282 526 2374 duabus
555 2306 909 2400 componerentur
937 2287 1145 2402 partibus,
1174 2291 1316 2402 petalo
1326 2315 1440 2380 nem.
1564 2369 1567 2378 ,

161 2415 219 2505 pe
245 2393 293 2482 &
319 2395 470 2510 vagina
498 2397 701 2495 staminea,
730 2393 871 2510 quales
883 2397 1132 2490 ostendimus
1161 2403 1204 2486 in
1232 2411 1359 2503 arceis
1372 2407 1440 2518 fo·

163 2507 235 2592 tiis
261 2507 532 2608 Cithariacer's,
558 2513 719 2622 villosts,
747 2507 1141 2624 altffmingournef.
1169 2516 1249 2621 Jess.
1262 2517 1438 2604 R-Herb.

160 2637 205 2700 at
231 2618 372 2731 petalo
401 2640 562 2708 tantum
589 2622 811 2717 constanr3
840 2621 936 2706 ideo
963 2617 1248 2714 semiflosculi.
1275 2626 1439 2717 Etenim

159 2724 205 2810 id
233 2725 309 2814 ess‘e
337 2729 618 2820 constituimus
646 2723 985 2831 semitonorum,
1015 2742 1089 2849 qui
1117 2732 1333 2827 foecundus
1365 2764 1437 2852 pe-

161 2833 248 2924 talo
273 2839 320 2924 u
348 2837 467 2936 tuba,
498 2840 639 2928 sterilis
651 2838 792 2953 petalo
819 2838 1080 2935 solummodo
1100 2845 1325 2934 constaret.
1353 2845 1437 2936 Sed

160 2948 265 3068 quid
291 2951 474 3038 rationes
502 2949 552 3038 &
579 2972 822 3082 argumenta
849 2949 1009 3046 aiiero?
1034 2958 1253 3076 Numquid
1280 2961 1324 3044 in
1352 2961 1435 3048 hac

159 3064 389 3176 coronasolis
412 3059 507 3152 luce
545 3061 695 3152 cianus
723 3091 812 3150 non
841 3081 990 3180 patet?
1030 3075 1263 3188 Quotquot
1289 3073 1334 3158 in
1361 3102 1434 3162 coa

159 3201 264 3262 rona
290 3177 380 3268 sunt
405 3170 681 3276 semifiosculi,
711 3203 854 3262 nonne
884 3179 1067 3294 petalum
1095 3206 1257 3270 tanturn
1268 3180 1436 3274 ferunt?

155 3286 277 3399 Quid
302 3289 427 3406 igitur
453 3290 563 3376 inter
590 3290 683 3388 hos,
712 3289 758 3376 &
784 3287 875 3376 illos
905 3306 1022 3405 cyani
1047 3296 1243 3382 interest?
1270 3301 1325 3379 At
1351 3292 1436 3380 for*

157 3425 228 3488 rna
253 3399 428 3488 diversa.
456 3400 572 3510 Quid
600 3403 654 3488 ad
681 3412 783 3487 nos?
813 3405 925 3488 Num
950 3429 1174 3518 propterea
1202 3428 1437 3492 naturano·

156 3507 246 3596 stris
274 3537 320 3597 re
350 3509 424 3600 ulis
440 3510 721 3630 ‘formulisque
748 3512 1110 3604 circumscribenda
1123 3515 1202 3611 est,
1232 3538 1432 3608 utomnes

151 3612 281 3714 flores
307 3537 448 3712 inires
477 3627 640 3756 pariat?
678 3632 845 3743 Qotus
874 3626 1046 3746 quisque
1073 3626 1131 3713 est
1156 3623 1238 3713 flos
1267 3623 1433 3732 forma,
1508 3691 1512 3706 ·

160 3733 347 3850 partibus
376 3732 493 3824 alten
530 3737 777 3854 persnnilis?
813 3742 1025 3827 Varietate
1064 3734 1292 3829 delestatur
1318 3765 1434 3831 natu·

154 3875 226 3943 ra,
256 3848 357 3934 alios
383 3845 513 3938 flores
544 3847 986 3982 petalorurnnurnero,
1016 3849 1116 3938 aiios
1145 3849 1434 3971 figuradiscre·

158 3950 221 4050 vit
228 3987 242 4064 3
272 3957 424 4050 multos
451 3961 719 4061 staminibus,
747 3963 882 4078 plures
910 3963 1093 4080 apicibus
1122 3963 1302 4054 diversor
1330 3993 1432 4053 con-

159 4070 286 4162 stituit
294 4103 309 4177 3
340 4073 562 4166 nonnullos
592 4077 713 4172 tuba,
739 4077 929 4164 nascendi
957 4077 1113 4174 modo,
1144 4075 1284 4195 calyce
1302 4081 1433 4166 varia·

158 4185 194 4268 ri
220 4183 355 4276 voluit
368 4221 384 4271 ·.
414 4192 532 4296 Quin
559 4189 650 4277 illos
705 4213 870 4306 uoque,
897 4215 1005 4318 quos
1043 4186 1260 4275 simillimos
1301 4187 1429 4285 tulit,

162 4299 340 4421 quoties,
370 4299 529 4413 injeffis
561 4215 801 4425 quibiidrun
827 4299 976 4427 iuccrs,
996 4297 1216 4394 coloribus
1230 4319 1276 4390 ut
1302 4301 1434 4390 varia-

1264 4439 1287 4502 1'
1288 4434 1380 4516 ent,
