4126 5420
479 265 1068 380 ,SEPTIMXss
1306 308 1386 380 ιω

181 469 190 497 .
225 413 262 504 l.
290 393 536 496 Ήῐοῆυνή
561 398 818 484 cannabinum
853 396 901 481 C.
919 401 967 485 “Β.
997 411 1080 487 Pin.
1113 397 1206 514 §202
1235 401 1283 492 &s
1320 414 1460 502 Touri

231 513 233 518 ⁵
289 519 558 712 ne.1nsti3R.
586 512 707 601 Heri.
743 537 839 622 455.
871 524 1116 628 Eupatoriutn
1151 519 1316 642 vulgare
1344 525 1456 612 Dod.

183 689 187 706 ι
287 651 378 722 Pem
404 661 456 716 .2
489 693 499 712 .

235 659 458 866 Gignitpin
480 738 714 829 umbellam
757 733 933 828 collesia
971 745 1194 858 capitula,
1236 745 1457 872 oblonga}

176 862 348 981 squamis
390 852 610 974 inaequalia
651 921 660 939 .
698 855 770 939 His
801 876 985 968 quatuor
1015 861 1081 946 vel
1111 863 1300 982 quinque
1327 860 1456 950 flores

179 975 451 1062 eontinentur
482 981 498 1076 s
527 967 680 1084 quibus
709 988 868 1052 tantum
896 964 1129 1084 plerunque
1148 972 1302 1092 fingula
1321 979 1458 1091 capita

178 1081 421 1200 ornantur)
449 1078 710 1194 monopetali
741 1140 753 1177 ,
792 1073 1037 1164 infundibuli
1066 1081 1229 1200 figura,
1257 1088 1301 1170 in
1330 1090 1457 1198 quin„

177 1227 262 1318 que
284 1196 447 1282 lacinias
478 1221 552 1307 per
579 1194 772 1280 summam
793 1217 910 1278 oram
932 1190 1048 1291 sessi,
1077 1197 1268 1284 remiffius
1301 1223 1472 1310 purpu.v

177 1309 376 1398 rascentes
405 1370 414 1388 .
441 1305 706 1392 Descendunt
728 1305 837 1388 inter
866 1327 1030 1493 pappos
1059 1305 1110 1389 ad
1134 1303 1284 1393 semina
1315 1309 1331 1414 (
1361 1335 1456 1426 quae

177 1421 364 1536 oblonga
384 1416 475 1502 sunt
498 1419 616 1504 nudo
640 1414 851 1499 insidentia
878 1413 946 1496 tha
965 1420 1087 1522 arno)
1117 1413 1260 1534 hisque
1279 1428 1460 1536 jungunt

177 1557 246 1622 tur
275 1597 283 1618 .
311 1525 428 1621 Subit
455 1558 487 1613 av
507 1525 723 1613 seminibus
755 1551 830 1637 per
858 1521 1068 1610 tubulatos
1096 1519 1224 1615 flores
1257 1558 1460 1646 purpura·

179 1648 292 1733 scens
322 1641 604 1734 frumentum,
633 1633 749 1752 quod
770 1633 962 1720 staminea
983 1636 1134 1751 vagina
1163 1639 1311 1752 pallide
1334 1645 1462 1732 rubra

181 1754 444 1872 ampleslitur
479 1815 487 1834 .
517 1755 572 1834 At
598 1747 854 1834 filamentum
883 1747 1032 1860 vagina
1060 1747 1259 1864 egressum
1287 1753 1457 1841 induas

179 1893 319 1988 partes
340 1859 569 1980 oblongas,
598 1889 691 1976 quae
704 1859 803 1945 hinc
834 1857 880 1944 δέ
906 1859 1008 1943 hinc
1024 1859 1218 1973 pendent,
1239 1862 1461 1954 dividitur.

236 1978 450 2070 Invenitur
487 1974 648 2090 ubique
677 1973 886 2088 praecipue
915 1973 960 2053 in
982 1971 1276 2086 campestribus
1299 2039 1310 2073 ,
1337 1976 1385 2062 Sc
1412 1979 1457 2064 in

178 2087 370 2212 aquosis.
398 2087 594 2195 Carpitur
623 2113 719 2172 cum
740 2076 913 2171 floribus
942 2083 995 2168 ad
1018 2084 1128 2173 usum
1153 2087 1285 2172 mense
1306 2085 1458 2176 sextili.

182 2203 377 2320 Seligitur
396 2197 515 2312 quod
526 2199 673 2311 apricis
686 2198 908 2284 innascitur
929 2195 1145 2292 traslibus,
1175 2196 1335 2286 collinis
1354 2227 1458 2315 ptae.

180 2318 347 2408 settim,
376 2305 484 2396 foliis
514 2337 641 2428 quam
669 2313 987 2396 amarilsrmtun.

232 2433 331 2514 Hoc
359 2449 413 2510 ex
439 2445 548 2538 aqua
576 2422 800 2514 decostum
828 2423 1050 2510 commode
1080 2423 1269 2515 adversus
1299 2420 1461 2524 febres.

177 2539 226 2628 bc
250 2539 302 2626 ad
329 2534 558 2624 catamenia
585 2534 730 2623 cienda
759 2536 956 2624 adhibere
986 2534 1099 2625 soleo
1135 2603 1143 2622 .
1173 2537 1307 2646 Quod
1335 2535 1383 2621 bc
1411 2538 1460 2622 iis

178 2651 378 2742 utilissime
402 2644 628 2736 bibendum
655 2650 904 2768 datur,‚qui
926 2650 1038 2735 circa
1062 2649 1244 2740 infimum
1269 2669 1459 2740 ventrem

181 2791 237 2850 ex
261 2763 381 2848 lentis
412 2759 877 2876 craffisquehumoribus
906 2758 1131 2877 sanguinis,
1161 2762 1338 2882 lymphae
1355 2827 1379 2871 ,⁸
1398 2763 1465 2850 bi..

180 2873 308 2996 lisque
346 2870 505 2958 cursum
548 2871 844 2961 retardantibus
888 2869 1118 2958 laborant.
1156 2875 1322 2962 Praestat
1351 2905 1459 2997 quo·

184 3017 269 3106 que
297 3011 353 3074 ex
378 2983 482 3074 vino
511 2986 730 3069 maceratis
756 2981 946 3100 capitulis
976 2981 1068 3069 illos
1096 2987 1347 3088 insuescere,
1386 2983 1468 3110 qui,

183 3129 294 3220 aqua
321 3097 431 3184 inter
458 3115 598 3182 cutem
625 3099 772 3182 tentari
797 3095 1030 3206 incipiunt3
1062 3127 1154 3211 quo
1173 3099 1360 3189 remedio
1382 3107 1465 3194 vir-

216 3219 301 3302 ines
322 3207 536 3331 quasdam,
559 3234 672 3325 quae,
696 3207 977 3296 deficientibus
993 3211 1215 3310 mensibus,
1244 3213 1331 3298 hoc
1353 3240 1465 3301 mor-

185 3244 245 3419 so
273 3335 356 3437 jam
384 3321 701 3438 implicabantur
730 3383 742 3419 ,
771 3321 972 3408 restitutas
1002 3326 1104 3412 novi
1140 3390 1150 3407 .
1187 3323 1326 3408 Flores
1356 3347 1463 3414 vero

188 3435 427 3532 vulneribus
464 3435 639 3522 multum
666 3429 876 3523 contulisse
908 3433 1318 3544 praestantissimorum
1349 3443 1464 3526 viro-

190 3582 285 3650 rum
312 3547 549 3660 testimonio
579 3567 970 3660 commemoratum.
1000 3544 1139 3631 Radix
1161 3541 1340 3631 resmatis
1372 3575 1463 3663 par·

188 3668 297 3755 tibus
328 3657 636 3778 acrioribusque
662 3659 804 3751 salibus
824 3655 1040 3754 abundat,
1069 3655 1165 3740 ideo
1195 3652 1391 3774 assumpta
1416 3662 1466 3748 δι

194 3783 251 3869 cit
280 3771 432 3877 alvum,
461 3773 508 3859 &
537 3773 698 3861 crebras
726 3774 976 3865 vomitiones
1005 3769 1185 3858 inducit.
1213 3775 1348 3858 Tanta
1376 3768 1468 3866 sunt

188 3896 232 3988 in
261 3889 408 3978 eadem
436 3887 574 4002 planta
603 3883 1061 4001 partiumdiscrimina.
1271 3951 1276 3961 .
1458 3903 1462 3916 ·

242 4003 309 4092 Ad
319 4001 405 4089 hoc
432 4027 562 4116 genus
591 4001 720 4100 hanc,
751 4024 798 4090 ut
818 3999 1044 4095 innuimus,
1073 4003 1361 4094 revocavimus
1376 4003 1465 4090 stit..

190 4145 309 4235 pern,
341 4143 465 4230 quam
493 4112 813 4203 Tournesortius
842 4121 990 4227 conycis
1016 4113 1067 4198 ad
1093 4112 1202 4201 hanc'
1229 4111 1355 4201 fenne
1376 4111 1461 4196 serr<

187 4231 362 4322 tentiam
387 4226 639 4344 ascripserat:
667 4247 813 4344 conyza
825 4237 1065 4325 Americann,
1094 4230 1358 4341 Urtirnfhlr'v,
1378 4227 1461 4340 flea

186 4375 232 4434 re
258 4343 342 4466 allo
368 4345 454 4468 inst.
479 4345 528 4459 R
554 4345 670 4462 Heri.
698 4365 814 4456 455:
855 4363 1035 4446 verum,
1064 4335 1286 4556 postquam
1312 4332 1464 4462 constis,
