4144 5412
642 227 705 330 w
872 209 1583 336 AWTHuLuGJAE
1772 239 1776 248 '

574 369 678 443 eant¹
709 335 861 456 digerit
896 335 1054 433 liores,
1082 337 1131 424 &
1170 331 1309 456 calyce
1352 335 1519 447 exeipit·
1542 323 1858 452 monophylloti
1979 373 1988 384 ·

578 448 924 563 carnpanr'fonni,
964 475 1043 564 per
1070 445 1268 535 ambitum
1307 445 1350 530 in
1377 450 1564 564 quinque
1601 469 1735 560 partes
1764 452 1860 540 inaee

491 655 494 660 Α
577 563 760 680 qualiter
784 559 896 650 sesto
927 623 941 644 .
971 559 1109 646 Florus
1138 577 1276 646 autern
1304 582 1360 642 ex
1386 581 1571 676 quatuor
1596 581 1858 672 componun·-

576 700 645 763 tur
676 669 854 790 petalis,
884 697 1067 791 quorum
1095 695 1224 759 unum
1250 668 1400 755 sursum
1428 664 1648 784 expansum
1679 675 1696 776 (
1724 679 1858 759 vexil-

579 793 662 872 lum
688 807 845 876 vocant
867 789 886 892 )
913 781 1151 870 illabentem
1179 781 1360 898 pluviam
1388 782 1582 895 excipit5
1608 784 1654 867 &
1682 785 1738 869 ita
1767 783 1857 898 plu·

576 899 648 984 via
674 897 728 985 ad
756 894 883 982 latera
903 892 1099 982 declinat.
1123 897 1223 980 Hoc
1245 897 1288 979 in
1307 897 1575 980 extremitate
1598 889 1767 982 bifidum
1785 894 1856 992 est,

578 1005 767 1094 &lineis
797 1006 896 1105 albis
926 1005 1103 1118 pistum,
1131 1032 1226 1093 curn
1254 1027 1366 1092 totus
1398 1007 1475 1090 dot
1506 1031 1583 1118 pur
1614 1029 1717 1092 uteo
1735 1003 1858 1092 eolo-

578 1145 624 1202 re
653 1120 857 1206 doneture
884 1120 993 1206 Turn
1021 1118 1245 1248 sequuntur
1273 1116 1362 1205 duo
1389 1116 1465 1204 alia
1494 1028 1648 1232 petala,
1676 1139 1770 1236 quae
1786 1123 1857 1245 fle

580 1227 812 1342 dieantur,
836 1231 934 1316 hinc
962 1229 1008 1315 dt
1035 1229 1133 1318 hinc
1163 1255 1321 1327 unum,
1358 1223 1547 1319 lateribus
1576 1225 1856 1325 adhaerentia,

612 1371 686 1430 uae.
702 1340 831 1429 bifido
861 1343 1067 1454 principio
1095 1341 1363 1452 receptaculo
1389 1337 1621 1438 uniuntur,
1652 1365 1767 1438 turn,
1807 1351 1857 1429 ut

579 1364 724 1550 sicile,
751 1451 779 1537 st
809 1455 910 1572 quid
937 1449 1132 1537 humoris.
1150 1449 1395 1549 descendat,
1412 1443 1578 1550 ‘effluat
1612 1477 1699 1540 turn
1735 1453 1860 1542 etiam

585 1590 633 1657 ut
660 1560 812 1652 studius
842 1559 1017 1649 crescere
1044 1561 1198 1676 pollit.
1237 1565 1335 1650 Haec
1365 1562 1627 1650 delabentem
1652 1591 1710 1646 ex
1733 1563 1860 1654 vernt

583 1679 629 1765 lo
659 1674 843 1787 pluviam
870 1676 912 1757 in
939 1671 1207 1789 sereeipiunt
1234 1673 1412 1762 imbricis
1432 1671 1587 1768 inodo,
1606 1673 1672 1768 &‚
1697 1697 1863 1761 extror*

585 1791 676 1876 sunt
702 1805 749 1872 ut
775 1786 933 1874 hinrior
959 1784 1157 1884 declinet,
1181 1785 1391 1898 praestant.
1420 1794 1629 1902 Qrartum
1650 1796 1778 1870 carina
1797 1786 1859 1870 du

586 1902 702 1988 &uin
727 1896 873 1985 sursum
900 1894 1101 1997 ascendit,
1127 1895 1405 2018 scinditurque
1433 1902 1480 1984 in
1491 1890 1705 1992 inferiore,
1726 1897 1775 1981 tt
1792 1898 1865 1982 des

587 2009 766 2100 cliviore
793 2029 911 2127 parte
940 2007 994 2094 ab
1026 2032 1178 2096 exortu
1207 2009 1332 2128 usque
1369 2005 1454 2098 fere
1482 2006 1537 2091 ad
1564 2008 1869 2096 extremitatem

591 2121 787 2237 summam
816 2121 1045 2236 bipartito,
1083 2121 1168 2208 hoc
1196 2117 1394 2232 profesio
1419 2141 1574 2206 naturae
1610 2111 1782 2202 consilio
1810 2144 1866 2204 ne

592 2263 700 2352 aqua
731 2255 803 2319 aut
826 2261 896 2317 ros
925 2235 978 2316 ad
1004 2226 1182 2321 liusturn
1210 2227 1319 2318 forte
1345 2230 1505 2345 delapsa
1534 2227 1644 2316 circa
1672 2229 1799 2343 ipsum
1818 2229 1866 2314 sr-

592 2346 803 2439 iteretur,
829 2337 1042 2460 ipsumque
1070 2367 1391 2454 corrumperet,
1428 2365 1572 2432 verum
1598 2364 1644 2428 ot
1674 2342 1866 2455 protinut

588 2481 667 2566 per
695 2448 932 2546 inferiorem
967 2453 1113 2536 rimant
1137 2450 1437 2550 descenderem
1477 2447 1630 2538 fanum
1657 2455 1783 2539 etiarn.
1806 2455 1867 2550 iti-2

591 2563 712 2674 super
739 2559 916 2680 judico,
943 2581 989 2645 ut
1015 2557 1171 2648 fruitus
1200 2558 1415 2658 crescere,
1452 2563 1500 2648 ὃ(
1526 2562 1563 2646 se
1590 2563 1629 2648 se
1656 2566 1864 2678 explicare

588 2670 744 2762 facilius
773 2669 937 2784 pollere
963 2668 1165 2757 Continet
1190 2693 1331 2760 autern
1358 2674 1496 2759 carina
1514 2763 1517 2772 ,
1536 2669 1713 2764 fruuum-
1740 2701 1865 2760 mern·

590 2787 719 2875 brana
748 2809 841 2901 quae
862 2808 917 2866 ex
943 2779 1175 2872 staminibus
1203 2781 1273 2879 fit,
1303 2785 1345 2867 in
1375 2775 1628 2872 extren'ritate
1665 2787 1866 2876 fimbriata

592 2897 726 2986 luteos
756 2895 893 3007 apices
921 2891 1135 2979 sustinente
1163 2893 1428 2985 involutum.
1454 2902 1551 2985 Haec
1580 2899 1815 2986 membrana
1843 2927 1868 2986 a

592 3031 717 3123 parte
739 3004 946 3116 superiore
973 3023 1114 3117 aperta
1142 3003 1220 3104 est,
1248 3007 1306 3091 ob
1335 3006 1506 3094 eandem
1526 3010 1678 3097 scilicet
1698 3009 1867 3109 causam,

592 3145 647 3222 ne
675 3113 831 3202 fruetus
858 3116 1226 3225 comprimereture
1260 3125 1424 3230 Aperta
1452 3146 1583 3233 porro
1612 3123 1633 3226 a
1664 3143 1781 3234 parte·
1809 3122 1871 3232 su·

593 3225 760 3342 periore
789 3223 927 3340 potius
956 3249 1084 3340 quarn
1112 3226 1166 3314 ab
1193 3225 1387 3316 inferiore
1423 3230 1504 3316 hae
1529 3233 1798 3332 membrana,
1825 3227 1868 3324 id

591 3333 781 3455 spestass'e
808 3359 953 3460 natura
981 3335 1179 3436 videtur,
1214 3367 1269 3426 ne
1300 3365 1372 3426 aer
1405 3337 1581 3467 frigidus-
1620 3369 1693 3462 per
1719 3347 1872 3433 caninat

595 3455 742 3539 rimant
780 3447 972 3569 ingreslus
1013 3453 1238 3564 protinus,
1274 3449 1302 3540 s1
1337 3455 1383 3538 in
1411 3456 1609 3542 interiore
1638 3479 1754 3574 parte
1782 3459 1872 3543 haee

595 3563 831 3651 membrana
858 3583 999 3676 aperta
1027 3557 1184 3661 fitill'et,
1210 3566 1263 3650 ad
1283 3563 1462 3664 frustum
1482 3568 1676 3657 tenellum
1700 3569 1875 3657 liberunt

597 3677 751 3761 aditum
775 3671 969 3760 liaberet,
995 3681 1041 3760 lu
1068 3671 1280 3789 superiore
1297 3703 1400 3767 vero
1422 3702 1536 3793 parte
1556 3680 1766 3782 haerima
1783 3701 1871 3767 tum

599 3813 624 3891 a
660 3782 815 3872 vexillo
852 3807 940 3868 turn
978 3789 1228 3901 potissimum
1264 3819 1287 3874 a
1317 3795 1455 3878 carina
1482 3796 1672 3920 tegituri
1707 3801 1755 3881 In
1790 3792 1870 3878 had

598 3891 836 3980 membrana
864 3890 1031 3985 fovetur
1058 3900 1233 4019 embryo
1259 3903 1357 3992 tuba
1395 3909 1438 3990 in
1465 3930 1585 4017 apice
1612 3903 1719 3993 lutea
1749 3927 1876 3991 orna-

597 4027 696 4132 tus3
733 4004 783 4092 &
809 4003 952 4094 crescit
980 4011 1022 4093 in
1048 4007 1234 4129 siliquam
1261 4012 1553 4134 bicapsularetn
1585 4013 1876 4104 renitormibue

597 4113 817 4210 seminibus
846 4115 1015 4208 forami
1345 4169 1348 4174 ·

654 4231 794 4350 orobur
808 4235 1005 4352 ‘latifolii-ru
1020 4291 1035 4334 ,·
1052 4262 1173 4356 paruo
1188 4233 1311 4355 flore,
1333 4267 1523 4362 purpurea
1547 4235 1651 4358 §Bi
1676 4247 1895 4438 Tliinggr,¹
