4130 5424
733 1402 863 1472 ,cum
889 1404 1052 1494 eaquae
1077 1379 1308 1470 rationibus
1335 1378 1482 1468 nostris

248 1560 250 1567 a
333 1598 335 1603 Α
386 1536 396 1551 2
540 1530 549 1585 ς
655 1487 849 1602 pediunt,
878 1485 946 1572 vel
965 1490 1483 1605 quaeadex'terioremeul·

241 1590 333 1699 'use
407 1687 416 1707 ,
444 1602 549 1709 »21ss
600 1619 712 1694 tum,
741 1597 1029 1696 commodum,
1059 1601 1253 1720 usumque
1272 1603 1481 1716 spestant,

246 1716 274 1799 :s
300 1722 334 1789 ·,
380 1708 465 1865 2³⁴)
506 1710 550 1817 '473
598 1707 652 1795 ἃ
677 1705 780 1823 saepe
807 1710 933 1836 etiam
992 1741 1054 1800 uae
1078 1711 1483 1802 adluxuriaminvi-

354 1848 549 1904 rs.
599 1843 722 1918 tant,
758 1845 925 1936 optuno
955 1741 1119 1939 semper
1156 1829 1309 2026 cuique
1347 1827 1393 1910 in
1430 1853 1481 1916 ea

333 2007 335 2012 ,
613 1963 663 2021 ‚re
692 1995 705 2032 ‚
738 1932 974 2052 summeque
1007 1937 1199 2054 spestato
1263 1933 1482 2026 emandare

225 2059 424 2152 soleamus
453 2119 467 2160 ,
492 2073 724 2164 corporum
747 2045 986 2136 nostrorum
1014 2050 1270 2137 curationem
1296 2113 1310 2148 ‚
1332 2051 1484 2139 uitam·

224 2201 311 2292 que
350 2173 362 2258 i
396 2171 519 2268 sam,
554 2187 685 2281 quam
711 2163 817 2245 inter
842 2189 907 2246 res
936 2165 1146 2249 carisiimas
1175 2163 1329 2248 merito
1357 2162 1484 2250 habe·

220 2311 336 2382 mus,
433 2287 550 2392 cujus
567 2275 680 2361 adeo
689 2294 856 2360 tenaces
876 2270 1027 2371 sumus,
1050 2278 1209 2364 uttotis
1235 2273 1484 2364 uiribusmi·

219 2398 379 2483 nimum
405 2390 695 2512 quodcunque
722 2387 1037 2475 incommodum
1053 2385 1105 2474 ab
1135 2384 1218 2502 ipse
1242 2385 1484 2500 propulsare

215 2531 418 2595 conemur
465 2497 811 2588 indiscriminatim
834 2499 951 2586 bono
971 2497 1136 2590 malove
1158 2498 1484 2586 cormnittamus.

218 2619 382 2706 Etenim
401 2567 462 2714 ‚st
482 2611 641 2728 judicio
652 2607 798 2728 aliquo
818 2614 939 2698 nobis
962 2606 1286 2700 contristandum
1303 2607 1381 2708 srt,
1409 2607 1487 2696 sta«

219 2730 294 2814 tim
318 2747 533 2812 oratorem
556 2785 569 2820 ,
627 2744 904 2844 atronumque
924 2721 1152 2842 seligimus,
1172 2731 1296 2848 cuius
1314 2719 1487 2839 singula-

218 2841 279 2926 ris
305 2837 352 2923 srt
388 2837 432 2918 in
457 2835 580 2920 dicen
610 2859 639 2917 ο
666 2833 752 2930 vis,
780 2857 907 2955 atque
942 2831 1132 2936 facultas,
1171 2862 1328 2955 qunque
1355 2835 1400 2918 in
1422 2827 1488 2918 so-

220 2947 404 3036 rensrbus
431 2947 594 3058 operis,
622 2942 826 3062 causisque
843 2942 1140 3049 defendendis,
1165 2946 1299 3069 longo
1320 2943 1410 3044 usu,
1430 2963 1489 3030 at·

218 3087 312 3180 que
351 3056 650 3146 exercitatione
688 3055 996 3148 consultiffnnus
1035 3058 1277 3148 habeatur..
1308 3059 1488 3149 sivero

217 3169 463 3262 mercaturis
500 3170 544 3253 in
566 3167 839 3254 trensinarinis
865 3171 1093 3283 provinciis
1122 3201 1212 3260 rem
1239 3173 1488 3295 querimus,

215 3279 486 3406 gubernandi
514 3281 681 3400 navigia
708 3283 982 3398 peritissimum
1009 3285 1292 3384 advocamus3
1314 3281 1346 3366 sr
1365 3275 1489 3366 edisi-

225 3393 401 3482 candum
415 3389 492 3489 est,
519 3388 682 3492 fabros,
703 3416 828 3514 atque
850 3396 1100 3482 architeetos
1120 3421 1270 3512 magna
1284 3389 1490 3478 existima·

158 3557 162 3564 ·
231 3508 349 3593 tione
387 3504 584 3619 cognitos
622 3505 905 3628 probatosque
933 3505 1211 3592 adhibemus:
1246 3504 1357 3589 Deni
1393 3528 1489 3604 ue,

214 3645 282 3705 -ne
322 3619 367 3701 in
413 3609 575 3734 singulis
604 3619 893 3738 perquirendis
928 3615 1145 3716 beream,
1183 3614 1249 3702 cui
1274 3610 1320 3704 fu
1377 3643 1488 3714 um,

216 3726 344 3822 -villas
370 3788 383 3825 ‚
409 3749 535 3853 agros
556 3783 573 3828 ‚-
594 3753 814 3832 armenta,
838 3735 1133 3828 emesenam,
1156 3723 1375 3848 avesque(
1393 3751 1490 3847 quae

216 3842 277 3927 in
302 3837 459 3927 deliciis
484 3839 721 3946 habmus)
749 3843 795 3931 bc
822 3841 1109 3962 quodcunque
1132 3837 1250 3929 aiittd
1273 3837 1491 3929 rationum

213 3951 460 4040 nostrarum
481 3977 614 4072 genus
637 3953 928 4043 attribuimus?
955 3957 1110 4043 Nomse
1139 3951 1208 4051 iili,
1225 3955 1302 4076 qui
1331 3952 1488 4071 peritis-

219 4062 342 4153 simus
370 4063 416 4148 in
443 4091 491 4150 ea
522 4085 631 4163 arte,
658 4065 714 4154 ad
739 4093 867 4180 quam
889 4063 1118 4183 seligimus,
1143 4063 1346 4154 habeatur
1375 4078 1391 4150 t
1416 4069 1489 4148 Su-

229 4173 312 4264 lam
341 4175 463 4294 igitur
481 4173 684 4275 nostram,
700 4176 1025 4298 nostrorumque
1044 4178 1344 4272 valentdinem,
1372 4173 1490 4263 aevi-

210 4309 313 4394 qam
338 4287 691 4404 contemptiffimo
716 4289 853 4406 saepe,
878 4315 1187 4414 nonnunquam
1211 4289 1381 4408 pessimo
1407 4284 1493 4384 siue
