4088 5412
670 281 756 380 288
936 271 1577 399 DI‘SSERTATIQ

654 412 728 494 Vis
759 399 844 520 ejus
870 399 923 490 ad
945 399 1231 519 aperiendum,
1255 397 1546 510 incidendum,
1568 392 1883 499 discutienduma'

596 547 717 640 que:
747 515 1020 606 subtilioribus
1049 513 1158 598 enim
1188 511 1366 625 partibus
1397 513 1707 626 componitur,
1734 515 1882 606 volari.

596 635 723 731 libuS,
754 633 800 720 &
829 627 927 714 oleo
956 624 1151 738 ellentiali
1176 624 1506 748 quamplurimo,
1537 628 1671 712 Prima
1693 629 1882 742 praestan-

601 751 659 836 tia
688 741 872 861 capitulis
883 745 1021 838 datur,
1051 737 1199 826 deinde
1229 735 1361 852 foliis,
1392 759 1480 840 tum
1508 738 1628 835 cauli,
1660 741 1876 862 ramisque.

599 859 739 947 Radix
767 879 907 944 autern
933 855 1013 940 fine
1042 851 1131 938 usu.
1158 848 1421 940 Adhibentur
1452 850 1633 966 capitula
1663 852 1730 942 vel
1760 885 1814 941 ex
1842 887 1880 941 a·

633 1001 686 1058 ua
713 969 913 1066 decons,
943 967 1074 1057 velex
1102 963 1204 1051 vino
1235 964 1332 1051 albo
1361 987 1582 1062 macerata,
1610 965 1776 1075 adjetto
1800 967 1882 1054 sac.

599 1116 621 1169 c
656 1110 741 1176 aru,
774 1100 921 1165 contra
951 1077 1132 1196 pestoris
1162 1078 1282 1175 vitia,
1314 1078 1359 1164 δέ
1386 1099 1574 1167 veterem
1600 1081 1760 1165 tussim.
1801 1085 1881 1166 His

614 1223 774 1312 uoque
804 1191 992 1281 adversus
1031 1216 1208 1287 renum,
1250 1191 1298 1276 δε
1326 1189 1463 1278 vesrc'ae
1492 1191 1676 1278 urinaria
1703 1191 1876 1278 morbos

596 1223 867 1394 drccurritur.
898 1299 1072 1395 Privatis
1101 1324 1239 1388 autem
1266 1299 1532 1390 soeminarum
1559 1301 1713 1390 morbis
1739 1303 1876 1389 sanan-

597 1420 660 1504 dis
690 1440 803 1503 tanta
832 1417 1061 1531 praestantia
1088 1412 1169 1511 est,
1196 1440 1354 1530 quanta
1383 1421 1604 1528 Artemistae,
1635 1439 1710 1532 aut·
1734 1427 1873 1502 Marri*

597 1527 703 1617 carie
731 1531 990 1616 attribuitur.
1018 1531 1136 1640 Quin
1166 1529 1286 1616 nobis
1307 1529 1599 1644 experimentis
1620 1527 1790 1624 habitis,
1817 1525 1875 1614 se-

595 1638 711 1732 licius
741 1641 974 1754 respondit.
1007 1639 1167 1727 Menses
1196 1641 1322 1756 igitur
1349 1672 1442 1728 cum
1467 1639 1585 1727 melle
1616 1641 1777 1758 sumpta
1811 1673 1875 1728 ca·

594 1755 748 1872 pirula,
777 1749 844 1840 vel
873 1753 968 1838 trita
997 1754 1042 1838 &
1070 1783 1124 1838 ex
1150 1755 1269 1840 melle
1297 1753 1457 1840 subadla
1485 1784 1532 1839 ac
1560 1755 1602 1838 in
1629 1751 1782 1846 vellera
1805 1781 1876 1840 ex-

595 1891 752 1979 cepta,
781 1865 808 1950 sr
838 1889 1133 1980 apponantur,
1165 1867 1340 1953 citillrme
1368 1865 1630 1954 subducunt.
1671 1865 1735 1950 Ad
1765 1867 1875 1950 uteri

593 1979 763 2066 dolores
807 1977 984 2064 &vitia
1013 2007 1067 2064 ex
1106 1980 1207 2068 vino
1246 2004 1448 2067 macerata
1486 2009 1580 2065 cum
1616 1975 1787 2063 utilitate
1812 1976 1876 2060 bia

593 2091 772 2179 buntur.
802 2086 934 2178 Usum
961 2091 1151 2177 adversus
1181 2091 1432 2191 lumbricos,
1462 2091 1612 2178 &alia
1642 2092 1873 2175 intereano⁴

588 2232 686 2294 rum
716 2198 928 2298 animalia,
959 2201 1028 2287 etfi
1058 2207 1349 2318 antiquiffimus
1378 2206 1455 2302 bt,
1485 2227 1633 2320 utpote
1692 2203 1734 2290 ui
1763 2195 1872 2313 apud

586 2315 800 2402 'AElianum
830 2340 1181 2402 conunernoratur
1205 2379 1216 2413 ,
1244 2341 1382 2406 tamen
1410 2320 1473 2403 his
1504 2321 1683 2433 tempori
1717 2341 1760 2401 us
1790 2311 1872 2403 vals

589 2427 643 2512 de
666 2425 914 2514 celebratum
944 2429 1200 2539 accepimus,
1231 2427 1279 2511 &
1302 2431 1451 2513 nostris
1473 2431 1594 2511 etiarn
1615 2425 1872 2536 experimen⁴

587 2541 639 2626 tis
680 2533 1041 2623 confirmavimus.
1079 2531 1142 2615 Fir
1183 2559 1240 2614 ex
1276 2536 1461 2621 Abrorano
1500 2561 1609 2650 aqua
1647 2533 1870 2632 stillaticia,

587 2673 790 2770 quaecum
814 2642 1076 2759 portiuncula
1095 2644 1225 2730 Nucis
1246 2645 1467 2733 Moscbatae
1487 2647 1654 2765 dysuriae
1679 2643 1725 2730 dt
1745 2642 1873 2730 stran-

585 2766 737 2886 guriae,
764 2787 858 2876 quae
887 2750 1010 2842 crasl'a
1040 2754 1207 2884 lympha
1239 2754 1419 2845 insaritis
1442 2761 1629 2846 urinariis
1658 2753 1779 2853 vasu,
1808 2753 1871 2842 lo-

587 2879 720 2990 tiique
750 2868 914 2956 lentore
944 2893 1221 2988 contingunt,
1250 2871 1503 2985 opitulatur.

640 2987 724 3072 Sed
755 2981 807 3068 ad
837 2983 915 3067 alia
945 2983 1187 3068 accedamus
1218 2981 1426 3070 Abrotana.

641 3102 738 3186 Hoc
766 3093 877 3181 foliis
907 3093 956 3186 &
985 3091 1102 3186 caule
1127 3099 1345 3182 canescens
1375 3095 1530 3216 (quod
1546 3117 1775 3211 propterea
1798 3121 1869 3214 ap-

584 3208 740 3330 pellant
1674 3275 1677 3280 -

639 3329 712 3410 IV.
777 3323 974 3415 brotonam
986 3329 1090 3421 mar,
1119 3325 1417 3440 angustifhlium‚
1452 3319 1643 3408 r'ncamrm¹
1666 3325 1715 3406 C.
1725 3325 1768 3406 B.
1787 3326 1876 3442 Ρὶη,ι

539 3568 542 3580 ’
585 3441 788 3677 instabitis
817 3445 1129 3679 languidiusque
1157 3551 1268 3667 agit,·
1297 3549 1394 3676 ideo
1424 3513 1475 3676 ab
1504 3545 1574 3636 usu
1601 3548 1778 3679 Medico
1806 3579 1871 3638 re·

584 3671 749 3776 jrcrtur.
777 3661 979 3756 Producit
1007 3661 1184 3780 capitula
1212 3661 1482 3748 semrflosculrs
1510 3661 1629 3748 luters
1654 3685 1869 3762 coronata,

582 3801 770 3888 quorum
801 3777 929 3868 discus
951 3777 1140 3867 flosculos
1160 3776 1333 3891 proprie
1355 3777 1490 3876 distos
1518 3773 1700 3894 colligit,
1732 3773 1870 3868 luteos

580 3913 674 4002 fluo
711 3918 787 3984 ue,
816 3890 1240 4012 &quinquepartito
1269 3885 1425 3994 sessos.

636 4003 698 4084 Irn
724 3997 1006 4092 xecillisfirnum.
1020 4005 1208 4090 omnium
1231 4001 1317 4089 hoc
1337 3999 1453 4088 nullo
1474 3999 1613 4090 odore
1629 4003 1867 4100 distinuum

632 4113 690 4198 ·V.
718 4113 948 4203 Abrotanum
958 4123 1180 4234 suffetium,
1196 4121 1390 4202 inodorum
1404 4121 1494 4202 CB.
1507 4129 1589 4204 Pin.
1605 4123 1709 4232 136„
1722 4117 1770 4204 &
1779 4122 1869 4199 Toa

691 4224 822 4318 urnef.
832 4235 913 4342 Just.
927 4234 1141 4338 R.Herb.4
1140 4257 1207 4343 59.
1230 4231 1462 4339 Abstnthium
1481 4237 1697 4330 sardorum,
1718 4227 1865 4340 &insta

679 4344 819 4458 pidum
842 4342 957 4454 Dod„
978 4344 1210 4429 Abrotanum
1226 4351 1425 4466 suedorum
1434 4339 1757 4438 cenpnksob.
1773 4341 1870 4465 Rei,

661 4477 678 4522 ·'
1680 4461 1809 4575 9³9¹:
