4088 5412
513 303 569 390 ‘U
602 295 727 392 ΝΒ
759 291 802 392 Ε
832 293 866 383 C
896 296 924 387 I
948 299 1020 386 M
1045 297 1086 392 A
1093 361 1106 388 .
1306 305 1395 418 287

59 491 62 498 .
189 417 378 520 vadunt}
417 414 638 534 oblonga,
676 415 724 504 δέ
749 409 1010 530 compressa,
1039 413 1176 514 nuda,
1203 419 1249 504 in
1277 419 1459 516 thalamo

187 535 330 654 posita,
358 531 474 622 nullis
488 529 663 648 squamis
692 550 763 617 aut
783 529 929 645 pappis
953 531 1195 643 interjectis.
1223 533 1389 663 Reliqui
1415 569 1461 624 o-

186 676 300 734 mnes
327 649 447 730 flores
495 646 714 759 (quorum
773 669 835 728 ars
875 643 1052 728 maxima
1090 643 1183 742 elil
1222 647 1461 746 interiores,

185 761 276 849 sunt
302 754 497 844 flosculost
525 757 696 871 proprie
756 754 848 852 itti,
877 752 1000 852 lutei,
1030 783 1105 871 per
1134 756 1331 848 ambitum
1350 760 1460 858 seut,

185 901 281 960 cum
309 872 457 989 vagina
484 867 595 954 lutea
626 865 834 954 bifidatam
861 863 1008 958 tubam
1034 867 1268 960 ambiente.
1296 871 1463 964 Horum

187 984 335 1071 semina
364 978 501 1097 qualia
528 977 907 1067 semitlosculorum.

239 1096 434 1213 Sequitur
461 1090 655 1190 alterum,
685 1091 806 1209 quod
835 1114 993 1182 vocant

237 1213 285 1292 ll.
314 1209 542 1292 Abrrtanum
573 1239 680 1305 mas,
706 1209 1019 1324 angustifolium,
1066 1215 1190 1292 minus
1228 1207 1275 1294 C.
1307 1213 1349 1296 B.
1377 1217 1459 1296 Pia.

299 1327 387 1434 136v
419 1317 648 1406 Abroramrm
676 1324 896 1416 odoratum,
923 1317 1067 1404 humile
1098 1319 1463 1440 Dod.1’empt.22.

297 1429 526 1517 Abrotonum
553 1465 637 1516 cum
659 1434 830 1548 pulchris
857 1430 1036 1544 corymbis
1063 1434 1091 1512 l.
1118 1433 1161 1518 B.
1192 1465 1228 1544 3.
1260 1463 1348 1544 194

237 1543 369 1630 Dense
403 1571 577 1666 quoque
602 1544 690 1630 hoc
718 1540 920 1640 fruticat,
958 1540 1024 1626 sed
1053 1568 1143 1626 non
1170 1571 1261 1630 eam
1289 1545 1462 1664 attingit
1530 1563 1538 1576 ·

181 1655 462 1752 altitudinem,
493 1685 542 1740 ac
572 1652 697 1758 illud3
729 1652 909 1768 capitula
933 1679 1111 1772 quoque
1142 1653 1270 1768 paulo
1297 1661 1464 1746 minora

185 1771 228 1890 gi
262 1772 344 1866 nit,
372 1764 593 1890 inquibus
621 1763 874 1853 semiflosculi
902 1767 949 1852 in
977 1791 1185 1855 coronam
1195 1765 1363 1898 digesti,
1385 1767 1464 1854 lin·

211 1797 308 1970 uffan
338 1880 448 1980 sunt,
479 1879 577 1966 tuba
602 1875 735 1976 lutea,
766 1875 908 1972 bifida,
938 1879 1242 2072 accpraegrandr
1266 1879 1464 1968 instrulti.

178 1910 227 2077 {a
253 1994 365 2080 disco
393 2015 532 2078 autem
558 1985 714 2074 flosculi
742 1989 915 2101 proprie
942 1985 984 2068 di
1031 1989 1043 2069 i
1072 1989 1320 2083 nascuntur,
1349 1989 1464 2092 lutei,

160 2097 516 2224 -quinquefariam
542 2097 672 2194 sesti,
700 2097 853 2186 luteam
879 2098 1105 2212 vaginam,
1145 2097 1194 2184 &
1221 2094 1373 2186 luteam
1402 2121 1464 2188 tu·

181 2214 277 2304 bam
303 2217 555 2335 gignentes.
594 2215 791 2408 Qprum
820 2208 1063 2338 embryones
1104 2211 1145 2294 in
1172 2207 1323 2296 semina
1363 2211 1466 2300 erest

181 2349 285 2414 cunt
313 2324 523 2442 oblonga,
554 2345 670 2438 gract
686 2325 747 2423 ia,
775 2326 821 2411 in
848 2325 968 2412 nudas
989 2317 1174 2412 thalamis
1194 2323 1466 2412 maturescen-

179 2443 260 2536 tia,
288 2439 371 2554 ipsa
434 2461 578 2548 uoque
606 2436 744 2522 nuda.

237 2553 369 2666 Hujus
398 2463 571 2634 {aiteram
598 2541 800 2630 habemus
826 2545 1008 2659 speciem
1045 2545 1202 2630 florum
1229 2545 1376 2631 colore
1402 2545 1467 2632 di..

181 2663 369 2752 stinstam
384 2692 399 2766 3
431 2651 818 2767 namcapitellafert
842 2655 1014 2744 floribus
1046 2653 1359 2762 semiflosculofis
1388 2686 1462 2744 co-

182 2795 352 2868 ronata,
383 2772 456 2886 qui
486 2763 686 2877 pallidulo
716 2765 905 2852 constant
932 2762 1098 2880 petalo,
1128 2767 1176 2854 δι
1204 2767 1302 2857 tuba
1325 2767 1462 2868 bifida,

184 2915 234 2974 ac
264 2879 439 2970 rubella.
466 2871 682 2963 Flosculosr
709 2899 850 2962 autem
878 2879 922 2959 in
944 2874 1230 2990 capitellorum
1249 2881 1366 2968 'discis
1393 2909 1467 2970 na..

183 2993 385 3087 scentibus
414 2987 548 3077 rubeo
578 3009 781 3072 ornantur
808 2987 948 3102 petalo
988 2993 1209 3105 vaginam,
1249 2994 1467 3084 &tubam

184 3113 312 3198 luteas
341 3103 596 3222 excipiente.
626 3101 791 3188 semine
819 3124 956 3192 autem
984 3130 1008 3187 a
1036 3099 1196 3224 vulgari
1220 3133 1311 3192 non
1329 3105 1464 3197 discri-

184 3245 385 3312 minatur.

189 3407 199 3424 .
239 3335 380 3422 Placet
407 3333 548 3446 itaque
574 3323 662 3414 hoc
689 3323 743 3412 ad
770 3325 881 3413 hanc
908 3327 1150 3417 sententiam
1169 3329 1411 3418 nominare:

242 3453 307 3534 Ill.
335 3446 565 3530 Abrotanum
591 3472 699 3540 mas,
723 3443 1021 3554 angustifolirm,
1050 3453 1197 3537 minus,
1214 3445 1315 3554 flore
1340 3441 1467 3532 ruben

242 3557 431 3647 Nascitur
461 3565 672 3670 utrunque
702 3553 745 3637 in
773 3578 916 3638 macro
944 3550 1034 3636 solo
1072 3553 1120 3640 &
1146 3554 1345 3640 montoso
1370 3618 1382 3653 ‚
1423 3577 1470 3648 ut

108 3680 110 3684 ’
189 3673 238 3764 8(
264 3679 422 3786 majus.
456 3671 530 3752 His
564 3693 641 3752 nos
669 3665 950 3784 saepenumero
977 3669 1284 3783 peregrinantes
1308 3667 1468 3756 adver-

186 3787 248 3876 lus
278 3779 502 3874 nonnullus
530 3779 703 3868 morbos
733 3779 838 3896 pros
861 3809 930 3866 ere
959 3775 1049 3868 usos
1078 3779 1288 3868 testamur.
1318 3783 1473 3905 Longo

192 3922 331 3989 autem
360 3895 513 3988 caeteris
542 3893 697 3983 virtute
726 3923 809 4012 prae
844 3919 914 3980 are
941 3894 1132 3984 novimus
1171 3895 1381 4010 primum,
1420 3918 1474 4010 up

190 4017 318 4108 triam
344 4009 465 4134 gustu
492 4007 714 4122 jucundius
752 4008 835 4098 acri
862 4004 1058 4094 mordet.
1099 4009 1286 4210 Oportet
1325 4029 1467 4098 autem

187 4128 241 4216 ad
269 4127 381 4216 usum
409 4121 621 4210 Medicum
649 4148 820 4236 carpere
843 4119 1018 4207 floribus
1048 4125 1151 4209 onul
1170 4150 1239 4210 um
1279 4121 1389 4208 circa
1416 4151 1469 4208 ae-

187 4241 448 4445 guuinostium
477 4233 711 4324 autumnale
741 4261 870 4350 quam
896 4238 1072 4322 maxime
1100 4232 1200 4326 sudo
1231 4229 1380 4332 cralo,
1420 4231 1468 4322 &

231 4354 257 4444 b
285 4355 401 4446 teilo
430 4349 676 4446 exsiccatum
702 4370 912 4468 reponere
942 4345 1121 4463 deindo
1331 4455 1387 4550 V·

585 4495 592 4502 -
1374 4481 1407 4548 rs
