4144 5412
497 211 711 310 ἨΒΕ
833 217 874 306 P
956 215 1216 314 les.
1345 251 1436 318 ‘101

224 338 331 432 succi
356 337 401 420 in
429 331 614 422 thalamo
643 215 1104 433 conbbeturffidnnffis
1133 337 1318 458 undique
1335 341 1431 434 ‘sole
1459 343 1508 440 &

228 481 332 548 aere,
343 447 566 561 abripitur,
585 445 635 540 ,δι
656 444 898 534 exsiccatur·
929 455 1070 558 ere
1092 452 1238 538 semina
1260 483 1282 536 a
1305 451 1385 543 levi
1405 487 1506 577 qua.

225 559 395 679 c'uuque
419 587 515 650 aura
543 559 596 660 de
626 557 810 644 thalamo
833 559 1133 658 discutiuntur,
1163 562 1212 654 &
1233 567 1374 652 mediis
1405 594 1509 682 papc.

224 677 311 792 pis,
342 701 416 786 per
447 699 585 756 aerem
614 670 751 758 avium
776 669 898 762 instar
925 668 1149 762 feruntur.
1179 681 1287 762 Nam
1314 680 1372 765 ob
1402 708 1505 796 pap.

223 816 301 904 pos
329 807 487 873 tantum
514 785 615 870 aeris
641 783 811 894 lpotium
830 808 1087 897 occupatus,
1117 810 1164 872 ut
1186 786 1377 880 seminum
1397 815 1506 905 pom·

219 901 294 1010 dus
315 898 380 1004 ¹illi
405 897 513 984 ueris
544 893 815 1008 portiunculae
843 895 1000 1012 aequale
1030 897 1197 985 evadat.
1224 905 1314 986 Hac
1339 907 1503 991 rationo

220 1012 349 1128 longe
377 1008 543 1124 lateque
571 1003 721 1093 semini
751 1005 928 1102 volant,
966 1009 1011 1094 &
1044 1009 1289 1098 seminantur
1328 1013 1476 1100 deinde
1488 1067 1503 1104 .·
1527 1007 1539 1028 ⁸

173 1143 188 1154 “
222 1127 332 1214 Cum
359 1143 496 1212 autem
525 1119 578 1208 ad
609 1141 760 1208 terram
788 1115 1063 1216 delabuntur,
1093 1142 1191 1206 tunc
1222 1149 1273 1234 pa
1337 1126 1349 1207 i
1378 1131 1503 1218 etiam

221 1234 339 1324 utiles
368 1234 486 1334 sunt3
515 1257 611 1314 nam
638 1257 727 1316 eam
753 1229 907 1314 seminis
939 1251 1129 1342 partem,
1172 1236 1289 1318 cuia
1323 1237 1503 1334 besens,¹

224 1345 271 1434 &
299 1370 464 1460 ex'qua
493 1338 685 1456 plantula
723 1339 963 1454 egreditur,
1016 1365 1070 1426 ne
1106 1340 1238 1430 humo
1277 1345 1502 1466 defigatur,

229 1453 472 1550 sustentant,
501 1451 641 1550 altera,
668 1479 721 1540 ex
748 1477 831 1568 qua
851 1450 1029 1544 radicula
1058 1454 1276 1570 proditura
1306 1459 1364 1552 est
1381 1519 1393 1554 ,
1410 1479 1504 1545 sen

222 1593 279 1656 τε
306 1564 470 1652 inserta.
1464 1630 1466 1636 ·
1499 1587 1504 1602 '

231 1761 239 1772 ,
278 1679 403 1762 Nunc
429 1677 483 1763 ad
511 1671 603 1763 illos
631 1700 796 1794 pappos
824 1679 974 1775 uenio,
1035 1699 1184 1768 uorum
1210 1679 1357 1772 semina
1391 1682 1506 1769 inten'

220 1782 387 1896 thalami
416 1785 566 1888 villos,
605 1815 713 1908 quos
743 1789 870 1880 etiam
908 1789 965 1878 ob
1002 1704 1297 1880 punilitudinem
1338 1821 1505 1910 pappos

219 1926 374 1988 vocare
401 1896 537 1994 soleo,
565 1899 864 1996 collocantur.
902 1906 1064 1989 Horum
1091 1901 1239 1988 semina
1267 1902 1503 2028 plerunque

220 2005 463 2097 crall‘alunt
489 2008 538 2094 ὅτ
564 2036 735 2130 magua,
762 2008 958 2128 nullaque
980 2015 1143 2096 ratione
1166 2037 1243 2125 per
1265 2043 1403 2103 aerem
1424 2029 1503 2102 ser.

219 2123 259 2208 ri
287 2116 479 2236 poliunt.
506 2120 580 2204 His
611 2146 750 2215 autem
777 2121 967 2215 adhunc
995 2121 1192 2218 modurn,
1221 2150 1348 2245 quem
1376 2127 1418 2215 in

277 2234 391 2345 cirsso
420 2237 609 2348 latifolia,
637 2253 761 2352 Lappae
789 2240 963 2351 capitulis
979 2229 1179 2320 Tournef.
1205 2239 1287 2346 Jnst.
1311 2241 1360 2327 R.
1385 2238 1501 2328 Herb.

336 2341 431 2450 448.
460 2351 607 2430 carduo
633 2354 770 2445 molli,
799 2351 964 2460 latifhlio
992 2349 1041 2428 C.
1068 2349 1110 2427 Β.
1139 2351 1259 2430 Prod.
1294 2379 1373 2458 155

221 2451 674 2558 ostendere-conabor,
703 2463 832 2575 pappi
862 2456 1061 2547 inservire¹
1081 2455 1183 2541 mihi
1209 2455 1427 2550 videntur.

275 2569 408 2678 Huius
436 2571 558 2654 flores
587 2570 631 2654 in
660 2571 885 2686 capitulum
912 2567 1198 2684 colliguntur,
1235 2573 1355 2685 quod
1383 2573 1502 2690 iqua.

220 2679 297 2770 mis
325 2679 594 2796 inaequalibus
625 2680 671 2766 fit
697 2681 925 2806 oblongis,
964 2678 1209 2764 imbricatim
1242 2678 1414 2791 posuis,
1456 2683 1502 2772 δε

223 2785 414 2880 deorsum
451 2790 662 2876 incondite
697 2792 891 2886 reflexu,
930 2813 1106 2904 quarum
1142 2786 1303 2875 extimae
1342 2799 1502 2906 semper

223 2903 406 2994 minores
434 2896 542 2986 fimt.
570 2899 708 2988 Flores
737 2896 995 3012 monopetali
1022 2901 1068 2984 in
1095 2897 1238 2985 tubum
1266 2896 1501 3020 oblongum

226 3015 277 3110 &
304 3009 517 3127 angusteun
544 3010 747 3110 desinunt,
776 3039 865 3127 quo
892 3011 1114 3128 affiguntur
1141 3013 1306 3113 lemini3
1337 3039 1414 3128 per
1441 3015 1502 3103 su.

258 3151 411 3210 remam
439 3146 575 3215 autem
604 3153 722 3212 oram
761 3121 951 3209 laxantur
989 3121 1335 3252 quinquepartito
1371 3125 1503 3213 distri<

226 3153 339 3334 buti,
367 3233 584 3352 rubrique,
614 3235 763 3352 quibus
791 3239 897 3324 intus
912 3232 1082 3317 stamma
1113 3231 1323 3318 adherent
1351 3237 1501 3324 tubum

229 3349 446 3438 efficientia
475 3375 528 3458 ex
557 3346 734 3434 caeruleo
754 3345 1011 3440 violaceum3
1042 3368 1130 3459 quo
1151 3341 1249 3428 tubo
1269 3343 1420 3442 rubea,
1451 3377 1501 3432 ac

226 3461 388 3576 integra
420 3457 614 3544 ambitur.
642 3459 802 3544 Semina
831 3483 964 3572 porro
987 3479 1180 3650 pappum
1201 3453 1416 3542 insumma
1442 3452 1502 3543 sui

228 3594 346 3772 parte
374 3568 548 3666 ferunt,
579 3597 667 3684 quo
696 3571 814 3654 flores
844 3573 985 3656 circun
1017 3588 1120 3666 snt3
1150 3564 1239 3651 sunt
1266 3561 1399 3652 fonna
1428 3565 1503 3654 ob..

245 3711 384 3802 onga;
415 3680 562 3810 leuiter
590 3679 835 3809 compressa,
864 3679 1050 3809 luteola,
1080 3701 1173 3795 quae
1201 3673 1344 3764 villoso
1374 3678 1502 3810 thala3

232 3825 304 3902 nso
334 3816 631 3910 excipiuntur.
670 3799 743 3878 llis
773 3789 964 3920 penfebbis
990 3853 1001 3890 ,
1028 3789 1077 3874 &
1103 3787 1342 3890 exficcatls,
1371 3818 1511 3921 pappi-

230 3913 273 4013 iu
301 3905 565 4034 transuersum
593 3907 629 3994 se
659 3905 698 3992 se
737 3903 986 4020 explicando
1025 3921 1240 3999 nituntur,
1276 3903 1322 3988 δι
1349 3903 1500 4024 calycss

233 4021 415 4149 squamas
442 4018 633 4110 deorsmn
659 4017 837 4166 neuere·
851 4035 1039 4144 tentant.
1075 4015 1504 4211 ququtqqnpabqute-

227 4125 1296 4374 &qrgbqiquqqtguhnffi,chgiqmequlgscmmpa
1321 4233 1439 4326 letius
1463 4233 1509 4346 so'

1028 4376 1061 4478 Β
1115 4380 1144 4470 3.
1377 4373 1448 4459 ⁶3!
