4120 5414
454 197 666 298 Ltus·
798 195 914 293 TE
999 198 1245 298 Tlvu.
1347 235 1433 302 zor

226 340 550 446 ‚eomponuntur
577 197 750 434 juniii
776 319 888 404 enim
914 201 1052 406 uiduis
1082 317 1287 440 calycibus
1317 331 1510 419 constant
1561 403 1566 410 .
1603 321 1607 328 ’

227 428 469 532 multifidis,
499 435 647 549 quibus
676 427 821 516 foliola
852 430 1040 547 quaedam
1066 438 1336 523 continentur
1364 441 1502 556 apices

226 543 365 634 luteos
394 544 717 661 ampledtentia.
756 541 829 625 His
858 567 963 630 vero
991 565 1128 632 totum
1157 569 1363 639 amentum
1389 581 1504 642 corn.

260 659 421 757 onitur,
450 657 569 777 quod
595 655 754 768 semper
780 650 966 749 ramulo,
993 653 1159 776 dequo
1189 661 1502 772 prodeuntem.

223 683 430 888 bryones,
459 771 671 888 affigitur.
700 763 955 866 Embrvones
986 793 1118 882 porro
1145 769 1308 884 hispido
1337 776 1503 870 involu.

225 908 302 968 cro
331 881 631 977 continentur,
671 886 786 991 cujus
815 872 990 1074 squamae
1018 881 1236 968 arescendo
1265 883 1429 998 spinosa
1456 919 1499 976 e..

225 994 403 1100 vadunt.
431 1001 542 1082 Intus
570 1015 708 1079 autem
737 992 838 1076 invo
856 1018 1002 1077 uerum
1030 991 1132 1080 villis
1162 992 1415 1097 obducitur,
1442 1027 1497 1088 ne

223 1104 374 1192 semina
412 1137 437 1192 a
473 1101 641 1193 corticis
681 1102 833 1191 duritie
872 1104 1229 1229 comprimantur.
1265 1109 1497 1200 Nascuntur

222 1216 342 1304 embr
372 1244 475 1303 ones
506 1218 607 1312 bini,
635 1217 764 1312 terni,
795 1235 985 1408 quaterm
1023 1244 1099 1313 ue,
1128 1215 1339 1332 exquibus
1368 1218 1499 1336 smgu.

221 1325 270 1412 lis
300 1248 407 1416 tuiae
435 1328 728 1426 filamentosae‚
768 1323 807 1413 bi
838 1326 924 1417 dae,
961 1353 1009 1410 ru
1041 1353 1096 1410 rae
1123 1325 1341 1416 nascuntur
1358 1395 1376 1428 ,.
1417 1331 1498 1424 sed

218 1439 458 1557 plerunque
486 1467 587 1528 unus
614 1461 703 1526 aut
741 1434 845 1520 aiter
871 1438 1148 1522 maturitatem
1192 1435 1352 1542 habet,
1404 1439 1498 1534 reli-

221 1554 317 1667 quis
346 1554 403 1642 ob
431 1552 775 1663 compressionem
802 1546 1206 1638 contabescentibus.

633 1827 1078 1950 cnrurru

306 2079 426 2199 'Qud
451 2094 493 2170 itt
513 2083 700 2200 generunt
725 2083 984 2196 distributione
1001 2083 1077 2198 stas
1099 2075 1293 2184 fecundus
1320 2111 1379 2170 at.

547 2199 761 2282 tendendae
789 2197 856 2308 est,
884 2228 955 2282 non
969 2197 1141 2308 sterilis.

208 2437 543 2657 ANtequam
563 2439 615 2524 ad
635 2427 833 2526 ulteriora
856 2429 1195 2558 progrediamur,
1224 2431 1490 2530 neceii'ariuni

201 2619 205 2636 .
357 2552 498 2662 judico
526 2550 739 2666 paululum
765 2553 999 2638 immorari.
1027 2556 1093 2639 De
1121 2555 1232 2640 floris
1260 2553 1489 2641 rationein

246 2663 435 2750 eneribus
464 2662 762 2768 constituendis
790 2655 1110 2778 digerendisque
1138 2691 1274 2777 pauca
1304 2692 1490 2784 quaeren-

207 2691 307 2873 do,
344 2801 439 2891 que
465 2770 593 2860 veluti
619 2771 777 2888 fignum
814 2772 1035 2887 quoddam
1057 2776 1210 2862 intueri
1247 2777 1488 2888 debeamus.

211 2889 320 2974 Cum
347 2887 459 2970 enim
484 2885 584 2980 iios,
613 2905 660 2969 ut
687 2883 976 2984 indicavimus,
1006 2883 1105 2972 alius
1129 2885 1268 2976 sterilis
1290 2888 1356 2989 sit,
1384 2888 1488 2978 idest

208 2998 311 3086 nulii
341 2991 558 3116 embryoni
586 2997 751 3090 affixus,
782 2993 881 3084 alius
913 2993 1130 3089 foecundus
1160 3002 1388 3120 embryone
1415 3030 1487 3088 or.

201 3133 350 3208 natus,
377 3109 547 3226 quinam
575 3133 629 3190 ex
656 3102 730 3188 iliis
758 3107 802 3188 in
825 3133 1032 3222 generum
1055 3095 1346 3202 distributione
1369 3111 1485 3202 alteri

237 3219 482 3314 referendus
510 3217 587 3315 fit,
626 3213 882 3306 statuendum
908 3219 1030 3332 hujus
1059 3218 1145 3308 loci
1184 3225 1260 3314 ess'e
1299 3226 1486 3318 uidetur.¹

252 3363 305 3420 oc
334 3356 470 3418 autem
496 3357 585 3447 quo
613 3325 767 3417 facilius
801 3333 953 3450 exequi
982 3333 1152 3446 possim,
1180 3340 1296 3448 prius
1325 3336 1379 3419 de
1407 3335 1484 3420 flo-

203 3445 261 3530 ris
291 3439 546 3562 perfeuione
568 3442 832 3559 quaerendum
855 3442 1068 3538 existimo,
1100 3446 1219 3559 quod
1241 3445 1371 3536 veluti
1394 3431 1485 3534 fun·

200 3555 446 3654 ‚darnentum
474 3547 621 3642 futurae
644 3553 906 3668 disputationi
928 3553 1220 3646 constituatur.
1249 3561 1402 3758 Neque
1425 3581 1485 3646 ta<

203 3696 299 3760 men
326 3671 436 3760 inter
464 3660 672 3782 perfestos
697 3672 822 3754 flores
864 3666 1057 3759 versabor
1083 3665 1250 3770 solum.
1286 3670 1324 3757 se
1393 3672 1484 3759 lon·

206 3771 297 3886 'ius
322 3777 630 3908 progrediendo
661 3781 714 3866 ad
743 3779 867 3881 illos,
902 3782 979 3900 qui
1017 3777 1285 3896 perfedbiores
1324 3785 1372 3872 δι
1411 3786 1483 3874 ha-

201 3809 330 3982 bendi
359 3893 406 3986 &
435 3893 600 3981 dicendi
627 3892 737 3990 sunt,
769 3895 1059 3984 contendam.
1094 3895 1230 3984 Pauca
1257 3900 1399 4016 itaque
1427 3922 1485 3982 ex

198 4003 248 4094 iis
278 4033 371 4125 quae
398 4005 519 4122 supra
548 4007 702 4123 attigi,
733 4027 953 4121 repetam,
993 4007 1043 4096 δί
1070 4005 1123 4094 de
1149 4012 1262 4097 floris
1293 4009 1482 4124 partibus

196 4119 323 4208 etiam
353 4115 510 4240 aliquid
536 4117 895 4222 hicretrabtabo.

245 4233 436 4328 Diximus
463 4235 613 4328 florem
641 4232 758 4328 illurn
784 4227 860 4327 ess'e
888 4229 1156 4352 perfedtum,
1197 4229 1273 4351 qui
1301 4227 1402 4322 tuba
1430 4223 1483 4318 dc

1348 4367 1424 4469 PC·
