4120 5414
603 248 1025 349 DECIMA.
1287 283 1332 344 '2

244 381 317 471 IV.
343 369 574 487 &tronasr'olis
597 363 785 477 altiffima,
814 372 1047 454 carrie'alato
1069 369 1269 460 Tourlt'ef.
1300 291 1397 488 ff
1412 383 1466 469 R.'

301 491 417 578 Herb.
436 499 536 595 '490.
565 484 898 602 Chrysantbemrrm
925 482 1162 591 Canadcnse‚
1191 485 1356 587 bidens,
1385 496 1463 574 ala-

304 633 342 688 to
370 605 473 686 caule
503 602 611 681 Mor.
642 602 693 682 H.
722 600 769 681 R.
801 596 900 708 Blef

242 723 291 800 ln
317 717 396 800 hac
424 737 600 839 quoque
625 705 796 825 grandia
820 707 955 819 capita
978 706 1233 806 nascuntur,
1266 739 1318 796 ex
1337 709 1461 800 folio}

185 819 235 912 lis
264 824 560 946 inaequalibus,
590 821 636 906 &
663 817 917 935 inaequaliter
944 820 1173 931 jacentibus
1198 822 1425 936 composita
1450 894 1459 910 .

185 945 238 1028 In
265 960 424 1024 corona
451 929 698 1019 semiflosculi
729 950 944 1043 ponuntur
973 927 1117 1042 ampli,
1147 931 1363 1046 lingulati,
1393 967 1463 1023 au-

186 1051 280 1145 rei,
309 1080 357 1134 ac
384 1044 558 1148 steriles,
590 1045 632 1127 in
659 1041 772 1129 disco
802 1063 941 1146 autem
967 1043 1122 1126 flosculi
1147 1046 1320 1154 proprie
1346 1049 1460 1146 diui,

190 1157 328 1277 quales
367 1162 412 1245 in
441 1155 609 1273 prima,
684 1180 834 1241 uorum
873 1151 1118 1266 embryones
1161 1153 1311 1242 semma
1352 1155 1458 1241 fiunt

187 1298 360 1388 magna,
390 1266 633 1378 comprell'a,
650 1181 878 1379 lquamatis
907 1262 1104 1375 capitellis
1126 1262 1299 1362 cristata,
1329 1264 1377 1350 δε
1397 1269 1460 1348 in.

191 1403 256 1468 ter
285 1377 512 1466 imbricatas
542 1378 708 1464 thalami
736 1376 919 1491 squamas
950 1374 1200 1458 recondita.

242 1495 315 1575 Hae
346 1519 486 1578 omnes
516 1491 625 1603 apud
664 1515 741 1572 nos
773 1483 991 1570 utilitatem
1020 1483 1145 1572 ullam
1172 1509 1243 1571 aut
1270 1513 1462 1579 commo.

188 1601 241 1688 da
271 1629 531 1719 nequaquam
563 1597 779 1711 praestant.

241 1717 371 1822 Hujus
400 1735 535 1797 autem
561 1710 716 1807 radix,
745 1732 840 1828 quae
868 1725 1045 1795 vocatur
1335 1783 1338 1794 .

238 1823 293 1930 ¹V.
331 1824 556 1934 Coronasttlir
579 1851 698 1936 parvo
720 1826 819 1936 flore
848 1880 860 1915 ,
900 1818 1069 1929 treberofit
1098 1822 1227 1904 radice
1256 1819 1457 1908 Tournef.

294 1937 376 2045 Jotst.
397 1939 447 2022 R.
465 1933 579 2020 Herb.
602 1933 696 2040 489.
724 1939 811 2018 Flos
838 1934 933 2012 Solis
952 1934 1230 2044 pyramidalis,
1253 1959 1373 2044 parvo
1386 1939 1459 2047 flo-

295 2077 359 2140 re,
388 2046 561 2157 roborosa
590 2053 718 2132 radice
739 2049 1010 2156 Heliotropiorn
1029 2048 1196 2128 Indicam
1221 2051 1453 2155 quorundam
1563 2111 1572 2128 .

301 2155 472 2242 Gerard.
498 2157 706 2254 Emac.,&
734 2158 822 2246 Rei.
852 2157 943 2262 Hist.
956 2179 1046 2264 341.

240 2264 359 2352 Estur
386 2297 410 2351 a
437 2267 683 2357 nostratibus
706 2269 855 2366 cruda,
885 2263 933 2348 &
955 2267 1076 2354 costa
1099 2268 1292 2358 tuberum
1309 2269 1461 2354 modo.

240 2375 400 2464 Ultima
439 2393 650 2468 venenatae
695 2386 753 2472 vis
797 2376 994 2478 traditur3
1036 2380 1083 2466 &
1111 2380 1232 2478 ideo,
1262 2384 1458 2466 Cornuto

182 2489 385 2585 austoce,
436 2516 583 2580 vocata
612 2491 691 2581 fuit
717 2503 913 2578 Aconitam
933 2493 1240 2576 Helianthcmrrm
1266 2496 1460 2576 Canaden-

172 2601 217 2714 se
248 2599 337 2712 178..
365 2599 532 2690 Florum
560 2628 699 2693 autem
726 2603 1005 2715 capitulorum
1038 2631 1089 2688 ue
1130 2598 1265 2688 forma
1294 2599 1460 2689 adhoc

183 2737 313 2825 genus
341 2711 526 2822 spellat,
556 2739 602 2799 ut
632 2717 829 2808 uerissime
858 2712 998 2796 statuit
1066 2709 1341 2801 ournefortius
1377 2717 1462 2812 ,in

190 2826 305 2930 cujus
333 2826 609 2908 monumentis
640 2845 753 2908 extat
780 2821 948 2905 nomine

191 3032 196 3042 Ι
244 2935 315 3014 Vl.
346 2935 576 3044 Coronaesolir
608 2939 725 3049 foliis
755 2930 1048 3046 angustioribus,
1086 2941 1275 3027 laciniatis
1300 2937 1380 3050 Inst-
1408 2939 1466 3028 R.

299 3043 423 3126 Herb.
442 3071 538 3150 490.

309 3155 490 3243 Ideamus
523 3182 632 3246 nunc
657 3156 827 3250 alterurn
845 3185 999 3276 genus,
1028 3167 1146 3278 quod
1166 3165 1364 3275 asteriscos
1384 3189 1459 3250 voa

224 3297 225 3300 ‘
336 3289 484 3367 catur,
512 3272 621 3354 inter
650 3299 697 3356 ea
724 3297 897 3386 genera,
930 3303 1115 3392 quorum
1137 3275 1304 3362 thalami
1333 3301 1380 3356 ac
1404 3273 1460 3353 sea

186 3382 295 3494 mina
322 3379 493 3498 squamis
523 3379 806 3478 instruuntur,
836 3385 1043 3494 positum.
1448 3455 1451 3462 .

189 3585 198 3615 ς
242 3497 376 3579 Floret
404 3496 566 3577 radiatir
585 3502 758 3609 capitulis
789 3556 801 3590 ,
828 3527 983 3608 quoram
993 3498 1112 3607 flores
1129 3523 1211 3581 tum
1229 3495 1456 3609 serrtr’floscrt·¹

190 3610 257 3719 lost
288 3629 370 3686 tum
396 3603 577 3716 floscuioss
604 3618 752 3720 gemino
788 3612 920 3690 velati
944 3612 1061 3720 calyce
1092 3613 1456 3726 comprehenduntur

191 3726 382 3806 exteriori
411 3749 462 3800 eor
478 3722 630 3831 foliolis
655 3751 730 3804 com
752 3719 832 3828 ostro
861 3721 1024 3833 oblongis
1051 3721 1169 3834 ipfitm
1188 3723 1332 3833 discum
1347 3720 1460 3832 ficpc·

189 3829 394 3932 rantibus,
422 3840 602 3914 interiori
621 3865 670 3915 eae
689 3747 858 3946 sqliaamrs
876 3833 1114 3918 brevioribus
1121 3866 1137 3932 ,·
1155 3836 1305 3949 semina
1329 3837 1459 3947 gignit

189 3974 388 4056 corumque
417 3943 598 4041 thalamos
615 3945 844 4058 squamata.
989 4041 992 4048 ,

190 4139 195 4148 ,
247 4059 346 4140 Haec
374 4057 427 4138 de
455 4080 609 4172 genere
637 4058 913 4172 proponimus
936 4095 946 4139 a
972 4057 1095 4144 restat
1122 4081 1170 4146 ut
1197 4060 1240 4142 in
1268 4057 1347 4144 hac
1376 4053 1462 4167 spe*

193 4170 284 4266 cie,
315 4165 363 4250 &
393 4165 460 4254 illa
487 4193 580 4294 quac
608 4193 712 4254 mox
739 4169 1162 4271 commemorabitur,
1189 4199 1289 4259 num
1315 4193 1379 4253 res
1404 4166 1463 4250 ita

195 4279 234 4378 se
260 4279 442 4386 habeat,
471 4279 712 4397 uideantur,
1017 4301 1074 4506 'Q
1243 4377 1248 4390 ,
1320 4303 1463 4482 Ps.

247 4463 255 4478 .
295 4421 297 4426 '
981 4449 985 4459 ¹
1127 4428 1152 4520 3
1354 4421 1408 4484 sl*
