4168 5418
643 255 709 350 '24
866 224 1589 324 A'anH-OLOGJAE
1744 321 1779 330 Α.

579 355 844 472 ρίεᾶυηωῐ,
874 351 921 436 &
942 377 1034 470 quae
1055 377 1143 434 non
1154 370 1274 435 antea
1289 346 1483 436 decidere
1493 352 1703 451 videmus,
1733 349 1859 466 quam

579 467 715 557 semen
739 466 1017 552 maturitatem
1046 459 1429 578 perfeetionemque
1459 461 1645 563 habeat,
1684 487 1858 553 eruntne

539 601 541 608 ’
578 576 759 666 dicenda
783 575 926 700 calyx,
956 599 1008 660 an
1031 574 1198 692 petala;
1226 579 1429 692 quoniam
1460 574 1512 662 ab
1538 579 1723 665 Austore
1752 579 1858 665 inter

581 719 650 784 eas
674 687 831 805 plantas
855 717 949 806 quae
969 689 1071 773 flore
1093 709 1294 775 ornantur
1317 685 1526 800 petaloide
1545 707 1684 792 numus
1714 715 1859 776 recen-

583 803 736 891 letur?
764 804 879 906 Quid
900 799 952 884 de
976 815 1081 895 Ara,
1110 802 1365 896 Dracunculo,
1393 800 1582 910 Arisaro?
1609 811 1765 892 Suntne
1793 831 1860 888 ca.

584 914 695 1036 lyces
719 911 775 998 illi
798 914 920 1000 flores
941 902 1175 1032 nullusque
1197 912 1352 1024 semper
1376 911 1620 1030 obtegentes
1636 909 1773 1010 folia,
1805 939 1860 998 an

585 1027 747 1143 petala,
775 1020 1176 1114 utaTournefortio
1188 1025 1455 1112 constitutum
1466 1027 1721 1138 accepimus?
1743 1025 1862 1132 Quid

584 1141 638 1226 de
658 1139 873 1256 Phyconta
898 1149 1143 1235 Ameriam,
1171 1149 1307 1257 majori
1323 1138 1461 1252 frum
1488 1134 1688 1224 Tournef.
1708 1141 1787 1249 last.
1809 1141 1860 1225 R:

586 1249 703 1336 Herb.
732 1257 846 1355 2'99.,
875 1260 991 1361 cujus
1012 1253 1134 1336 flores
1157 1246 1642 1366 pentapetalinunquam
1652 1248 1860 1346 decidunt,

511 1361 513 1366 ’
586 1361 654 1448 sed
674 1357 854 1452 frustum
881 1360 1136 1456 sustentant,
1167 1386 1293 1479 atque
1326 1361 1474 1478 calyels
1506 1363 1637 1448 modo
1664 1361 1715 1448 ad
1744 1358 1862 1452 basm

483 1519 487 1528 =
587 1474 920 1588 ampleemnturl
950 1478 1110 1558 Verum
1130 1473 1240 1569 haec,
1270 1495 1315 1557 ut
1335 1474 1507 1558 Auolori
1530 1477 1634 1561 vitio
1646 1472 1712 1560 vel
1723 1499 1863 1589 repre-

587 1585 775 1672 henfioni
797 1605 1032 1681 vertantur,
1064 1612 1212 1671 cavere
1232 1579 1375 1699 aliquo
1398 1584 1524 1697 paolo
1545 1581 1772 1697 poll'mnus:
1805 1607 1867 1670 et-

591 1696 621 1784 st
645 1699 757 1784 enim
776 1692 956 1783 frollum
976 1694 1200 1814 obtegant,
1228 1694 1601 1809 &ampleolantun
1630 1719 1864 1782 nontamen

586 1836 655 1925 pro
680 1820 781 1893 rium
792 1813 894 2008 ζιιηι
904 1810 1065 1920 seminis
1083 1812 1340 1894 involucrum.
1375 1814 1432 1893 At
1450 1811 1491 1891 in
1514 1813 1743 1927 Pimpinella.
1760 1807 1864 1926 quid

588 1837 789 2034 reAEontle
820 1924 949 2016 imus,
980 1929 1094 2032 cujus
1114 1924 1237 2006 flores
1271 1925 1363 2025 (ex
1392 1919 1679 2006 Tournefortli
1709 1920 1866 2006 senten-

589 2034 684 2142 tia)
715 2057 805 2116 non
826 2032 951 2118 solum
983 2057 1064 2146 pto
1097 2031 1239 2152 calyce
1269 2031 1526 2128 inserviunt,
1553 2032 1620 2118 sed
1651 2030 1699 2116 &
1731 2028 1802 2144 ipst
1820 2029 1863 2114 in

590 2139 746 2231 fruolus
778 2147 1011 2260 parietem,
1053 2166 1099 2230 ut
1129 2144 1201 2230 suo
1233 2143 1334 2230 loco
1370 2142 1611 2243 trademur,
1650 2141 1866 2232 crescunt?

591 2256 703 2340 Idem
722 2258 930 2372 contingit
951 2255 993 2336 in
1013 2255 1219 2371 Thymelen
1240 2259 1520 2372 Linariaesolio,
1549 2263 1707 2372 vulgari
1726 2259 1864 2342 Tour·
2012 2283 2015 2290 ’

594 2362 674 2466 nef.
702 2371 782 2478 Inst.
809 2373 858 2454 R.
889 2369 1002 2452 Herb.
1029 2395 1135 2476 594,
1164 2369 1208 2449 in
1236 2375 1372 2454 Glauce
1396 2374 1572 2484 palestri,
1590 2373 1690 2483 flore
1708 2371 1857 2477 striato,

594 2477 737 2588 clauso,
756 2483 872 2594 foliis
899 2485 1103 2564 ‘Portulacae
1132 2476 1333 2568 Tournef.¹
1348 2484 1440 2590 last.
1469 2485 1517 2570 R.
1543 2483 1659 2566 Herb.
1691 2479 1753 2564 88.
1778 2543 1789 2578 ,
1819 2481 1867 2567 δέ

596 2593 642 2676 ln
669 2587 777 2675 aliis.
805 2595 905 2674 Non
933 2593 1059 2707 igitur
1085 2591 1239 2675 rationi
1268 2591 1588 2681 consentaneum
1618 2593 1676 2680 est
1711 2589 1867 2706 petalo-

595 2731 690 2793 rum
712 2725 899 2792 naturam
919 2704 1108 2818 redigere
1129 2700 1181 2788 ad
1203 2706 1276 2789 has
1297 2701 1520 2824 angustias:
1540 2712 1645 2820 folia
1656 2708 1869 2820 florumcu-

460 2906 461 2910 Ν
595 2817 792 2935 {uscunque
821 2821 952 2900 coloris
996 2841 1053 2900 mt
1075 2873 1086 2912 ,
1109 2841 1178 2931 pro
1208 2823 1325 2932 calyce
1358 2819 1527 2904 habenda
1548 2821 1647 2935 ff,
1676 2851 1757 2904 cum
1812 2849 1871 2906 ro·

590 2940 721 3046 prium
738 2933 833 3035 fiunt
846 2930 1009 3040 seminis
1027 2934 1287 3028 involucrum,
1310 2961 1379 3049 pro
1400 2938 1541 3048 petalis
1561 2963 1654 3020 vero
1667 2965 1748 3016 cnm
1759 2847 1869 3044 secus

595 3046 760 3137 accidit,
781 3043 865 3150 five
888 3046 957 3123 illa
977 3043 1093 3124 brevi
1107 3066 1269 3152 pereant
1286 3100 1299 3136 ,
1315 3047 1401 3153 save
1432 3049 1604 3154 durent,
1631 3045 1740 3132 inter
1766 3065 1875 3161 quasv

597 3175 739 3268 neque
760 3148 841 3266 ipse
861 3150 1016 3268 semper
1039 3147 1291 3240 constiterit.
1397 3149 1400 3154 ’

1012 3431 1319 3528 CAPUT
1375 3439 1462 3524 XI.

833 3689 930 3790 Qu
958 3690 1105 3772 ratione
1126 3690 1258 3800 petala
1287 3687 1518 3799 exploranda
1538 3684 1632 3802 fiat.

601 3922 836 4147 NUnc
851 3943 960 4046 vero
983 3927 1155 4043 quando
1176 3959 1202 4014 a
1222 3925 1342 4014 nobis
1367 3927 1592 4018 indicatum
1612 3929 1680 4027 est,
1702 3951 1880 4049 ea‚quae

762 4032 964 4120 aClanss.
996 4045 1035 4120 Τ
1036 4037 1298 4127 ournefortlo
1328 4040 1379 4126 de
1410 4041 1552 4156 petalo
1575 4043 1724 4128 tradita
1754 4044 1880 4131 habe·

598 4179 714 4249 mus,
816 4175 888 4236 um
907 4147 1133 4238 verisnnilr'a
1155 4150 1253 4250 ell'e,
1281 4153 1433 4242 &cum
1454 4149 1626 4236 meliora
1644 4149 1806 4240 lottall'e
1837 4185 1879 4238 a·

603 4262 805 4377 podalios
816 4289 905 4352 non
917 4265 1302 4380 reperianturmn
1313 4266 1432 4382 quod
1443 4263 1879 4358 haecatsadhoctem·

1743 4399 1823 4492 pus
