4144 5412
647 227 741 327 ,136
881 193 1593 297 irlTHoLoGIAE

584 320 662 418 'ltus
691 351 746 418 Lu
772 331 855 412 ulus
869 330 1020 436 sterilis
1063 318 1269 416 nascitur,
1313 341 1538 407 ventorum
1575 343 1661 433 ope
1703 313 1871 435 apicum

586 355 833 558 corpudula
862 438 914 523 ad
942 439 1124 520 Hortum
1151 433 1328 550 Regium
1363 428 1654 527 Paristensenr‚
1692 433 1737 515 in
1778 460 1870 552 quo

587 559 750 668 lupulus
776 583 854 637 mas
883 547 1061 641 colitur,
1089 537 1343 630 deferuntur.
1370 540 1609 630 Accedente
1630 570 1737 631 vero
1764 567 1870 636 aura

586 661 796 764 maritali,
825 665 962 778 eupuli
989 647 1208 742 frudeiferae
1235 652 1481 773 embryones
1522 656 1597 774 qui
1626 655 1869 747 naturaliter

587 777 780 864 deorsum
809 772 1017 890 pendent,
1044 768 1216 882 erigunt
1245 764 1283 852 se
1310 764 1361 861 se,
1390 763 1439 850 &
1463 763 1662 894 squamae,
1691 795 1785 883 quae
1813 773 1870 858 ita

586 889 729 1006 postte
755 887 871 984 sunt,
911 906 956 971 ut
982 875 1217 967 illabentem
1245 875 1427 990 pluviam
1466 877 1568 964 hinc
1609 877 1863 972 &hincab

589 998 879 1114 ernbryonibus
907 989 1134 1089 declinent,
1163 987 1202 1075 se
1230 985 1497 1106 expandunt;
1524 1011 1625 1080 tunc
1651 991 1762 1084 tubae
1790 1020 1862 1110 pa.

590 1111 770 1210 tentibus
800 1105 943 1194 osculis
972 1103 1111 1198 hiant,
1180 1167 1185 1178 .

598 1243 602 1250 '
703 1236 994 1337 Exceptantque
1013 1221 1120 1300 leve-s
1146 1243 1277 1310 curet,
1308 1214 1355 1313 dt
1375 1215 1469 1331 stupe
1492 1210 1566 1332 fine
1595 1213 1687 1302 ullis

701 1344 895 1454 conjugiis
921 1355 1037 1414 vento
1058 1336 1232 1442 gravide
1261 1325 1466 1429 (mirabile
1493 1333 1620 1413 diuet
1649 1338 1668 1440 )
1799 1437 1803 1444 ¹

593 1448 731 1534 fiunt.
767 1447 849 1530 o'ed
888 1442 953 1527 he
982 1465 1036 1524 ex
1062 1440 1366 1554 Philosophicis
1395 1435 1580 1528 fontibus
1609 1439 1760 1532 haustae
1785 1447 1872 1534 sena

593 1559 732 1648 tentiae
744 1581 833 1642 non
854 1555 1066 1644 videntur»
1103 1556 1197 1638 Nec
1227 1554 1337 1638 enirn
1363 1549 1427 1636 hia
1454 1548 1763 1643 difficultatibus
1793 1587 1868 1646 noa

594 1669 778 1758 biliffitna
805 1689 960 1754 naturae
987 1689 1122 1777 ope-ra
1149 1660 1399 1754 involvenda
1437 1661 1528 1750 sunt
1545 1721 1561 1786 2·
1597 1669 1689 1780 Ego
1728 1691 1868 1758 tamen

593 1785 685 1869 haec
714 1783 875 1878 omnia,
903 1793 1000 1894 quae
1026 1771 1136 1860 nulla
1158 1777 1320 1862 ratione
1343 1773 1433 1860 fieti
1487 1773 1568 1860 olle
1587 1803 1641 1889 ap
1673 1803 1781 1879 atet,
1810 1783 1871 1870 ul,

593 1917 668 1981 tro
698 1891 838 1976 darem
866 1911 993 2006 atque
1023 1887 1329 1987 concederem,
1370 1885 1398 1972 st
1428 1799 1497 1971 ida
1643 1803 1866 1994 dannetur,

1501 1886 1528 1970 d
1561 1916 1615 1974 ex

597 2003 717 2125 quod
745 1999 938 2115 proieelo
965 2027 1031 2086 me
1061 1990 1196 2118 fugit,
1226 2027 1309 2118 qua
1336 1999 1501 2084 ratione
1526 2025 1582 2084 ex
1605 1914 1679 2087 dtis
1707 2003 1870 2094 involu.

596 2119 676 2206 cris
707 2113 950 2234 embryones
979 2111 1302 2224 protrudentur,
1332 2111 1482 2232 quibus
1509 2109 1636 2198 succis
1663 2116 1871 2230 grandius-

597 2228 678 2317 'culi
706 2225 803 2310 faoli
831 2224 948 2312 tubas
977 2221 1205 2336 explicent.
1232 2229 1332 2312 Haec
1355 2224 1464 2312 enirn
1483 2223 1682 2310 leminalia
1704 2231 1872 2344 eorpui-

594 2339 690 2430 eula
717 2338 826 2419 in'tra
857 2333 1010 2421 nuens
1040 2337 1262 2422 cavitatem
1288 2327 1435 2420 deferti
1463 2361 1552 2419 non
1581 2334 1769 2450 poliunt,
1797 2341 1870 2428 nili

597 2479 675 2648 per
704 2447 819 2533 tubas
834 2471 848 2548 3
878 2443 985 2529 tubae
1014 2468 1151 2531 autern
1177 2445 1213 2530 ie
1242 2447 1279 2532 se
1308 2443 1517 2558 explicare
1546 2473 1779 2564 nequeunt,
1810 2457 1872 2540 ni*

653 2564 761 2643 intra
788 2552 966 2640 fruitam
984 2553 1091 2643 succi
1123 2557 1430 2673 ingrediantur.
1457 2562 1624 2665 Quare,
1651 2585 1872 2684 antequam

598 2671 652 2760 ad
679 2667 923 2784 entbryones
962 2662 1196 2752 deferantur
1235 2667 1436 2755 seminalia
1474 2669 1750 2786 corpuscula,
1787 2705 1873 2766 etn-

599 2784 781 2900 bryones
809 2775 886 2865 ell'e
915 2786 999 2889 jam
1029 2775 1284 2880 foecundos,
1308 2777 1465 2868 necell‘e
1494 2782 1553 2870 est
1580 2807 1626 2872 ut
1650 2779 1871 2880 fateamur.

595 2898 759 2983 ‚Verum
786 2891 873 2978 hoc
899 2893 1123 2978 dardanis
1149 2915 1315 3009 agentes
1357 2888 1524 3008 plenius·
1543 2891 1593 2982 &
1629 2897 1775 2988 clarius
1804 2930 1874 2990 ex-

595 3003 873 3126 planab'nnus,
972 3109 975 3116 .
1248 3097 1258 3124 .
1423 3121 1425 3126 Ι
1796 3085 1799 3092 ,

603 3159 608 3166 ·
654 3113 942 3202 Concludatur
971 3118 1112 3230 itaque
1141 3133 1314 3213 Morum,
1337 3129 1753 3223 turicremam,
1778 3146 1873 3214 Can«

592 3230 749 3322 arabim,
778 3232 959 3342 rapulam
986 3225 1069 3310 stne
1097 3227 1261 3340 apicum
1292 3227 1520 3341 pulviculo
1548 3229 1701 3324 iaetus
1728 3237 1771 3356 gi
1803 3243 1897 3324 ne·'

596 3371 669 3441 re,
693 3339 741 3426 dt
766 3339 827 3443 ad,
845 3341 1123 3426 maturitatem
1147 3341 1375 3453 perducere
1403 3408 1412 3426 .
1441 3345 1482 3428 Si
1513 3343 1638 3463 igitur
1666 3349 1752 3436 hoc
1772 3263 1876 3438 duce

595 3455 744 3545 elarius
774 3446 851 3536 ell'e
878 3451 1040 3567 ostendi
1061 3447 1255 3548 ,necess‘e
1284 3451 1343 3543 est
1371 3475 1421 3543 ut
1445 3458 1605 3572 plantas
1640 3460 1723 3550 stne
1749 3463 1877 3580 apici-

596 3557 675 3657 la'uu
702 3560 936 3654 foecundari
965 3569 1190 3656 latemur,
1293 3639 1297 3650 .
1439 3617 1442 3624 ·
