4168 5418
705 253 794 359 ·2¹
911 255 1627 357 HNTHOLOGJAE

647 385 842 499 servabo,'
870 381 1050 470 nostram
1078 383 1129 470 de
1157 382 1336 498 ipsorum
1357 383 1427 471 usu
1454 382 1717 480 sententiam,
1747 407 1921 506 quantu*

646 503 769 590 iacun
803 523 854 584 ue
885 498 992 594 erit,
1022 496 1333 584 subnectendo.
1360 499 1458 582 Haec
1488 517 1648 592 autem,
1679 495 1746 586 vel
1774 525 1919 612 parum

638 525 834 714 ‘absuniiia
864 611 907 694 in
936 611 1071 724 primo
1101 609 1209 699 libro
1240 609 1392 728 exequi
1422 609 1722 696 contendam..-

703 735 752 812 In
776 721 957 816 secundo
986 745 1124 808 autern
1165 725 1441 836 interceptum
1478 722 1669 808 ordinem
1708 745 1919 817 retexens,

643 837 695 925 ab
723 834 812 950 ipsis
842 835 1024 952 apicibus
1047 835 1208 921 initium
1236 831 1475 951 expediam.
1505 841 1648 945 Quare
1671 856 1718 922 ut
1740 858 1918 946 perpau-

610 953 699 1038 cis
729 947 832 1066 quid
871 949 925 1036 de
963 947 1143 1062 ipsorum
1180 969 1326 1035 natura
1363 944 1560 1060 scripserit
1597 937 1918 1034 Tournefortius

641 1059 909 1158 recensuero,
938 1057 1070 1147 statim
1099 1057 1151 1146 ad
1180 1058 1222 1144 id
1242 1060 1419 1156 veniam,
1448 1058 1568 1176 quod
1594 1057 1675 1145 hac
1704 1081 1821 1144 aetate
1853 1054 1916 1144 uel

642 1173 819 1258 maxime
849 1171 1109 1266 celebratur,
1147 1170 1191 1254 id
1220 1168 1358 1256 estad
1385 1170 1618 1287 plantarum
1644 1169 1919 1258 foecundatio·

641 1311 737 1482 iffi
750 1283 932 1483 apicibus
953 1283 1214 1370 attributam.
1234 1284 1363 1393 Cuius
1385 1282 1671 1398 disputationis
1691 1285 1800 1367 ratio
1823 1310 1919 1368 cum

676 1425 686 1480 ι
732 1423 810 1481 cir

643 1507 942 1626 diligentisfime
973 1503 1257 1620 pertras'tanda
1285 1504 1371 1601 est,
1413 1505 1460 1589 &
1487 1531 1564 1622 per
1602 1533 1742 1593 omnes
1783 1528 1917 1620 partes

644 1617 840 1706 secanda.
869 1624 1155 1736 Quapropter,
1185 1641 1230 1702 ut
1241 1615 1626 1706 Mathematicarurn
1647 1646 1785 1706 rerum
1809 1621 1919 1734 peri-

645 1735 678 1818 ti
716 1759 740 1814 a
776 1725 1062 1830 facilioribus,
1103 1733 1151 1818 &
1179 1756 1272 1846 quac
1300 1728 1352 1816 ab
1384 1729 1574 1821 omnibus
1607 1730 1916 1830 conceduntur,

646 1843 769 1928 initio
796 1841 959 1940 dusto,
988 1844 1040 1930 ad
1070 1843 1306 1932 difficillima
1336 1871 1536 1962 quaeque,
1564 1846 1610 1931 dc
1638 1871 1764 1960 quam
1791 1847 1920 1930 niani

643 1984 711 2042 me
740 1953 864 2041 ardua
892 1952 1019 2044 veluti
1050 1983 1123 2072 per
1156 1955 1306 2074 gradus
1345 1955 1608 2071 explananda
1647 1959 1919 2069 perveniunt:

642 2067 700 2152 ita
728 2092 805 2149 nos
835 2064 877 2148 id
909 2069 1087 2180 primum
1116 2070 1159 2152 in
1188 2065 1415 2184 quaestione
1436 2093 1663 2181 ponemus,
1692 2070 1811 2184 quod
1830 2067 1919 2154 fim.

641 2177 896 2295 plicillimum
924 2203 967 2264 at
995 2207 1121 2298 quam
1149 2183 1326 2266 maxime
1353 2179 1653 2280 necessarium,
1693 2207 1793 2267 num
1833 2185 1918 2296 api-

643 2319 740 2380 cum
767 2287 1018 2402 corpusculis
1048 2293 1096 2378 in
1126 2317 1389 2411 unoquoque
1426 2291 1611 2408 stirpium
1647 2319 1801 2411 genere
1836 2323 1920 2383 ern·

644 2401 825 2530 bryones
853 2396 1181 2494 foecundentur.
1212 2411 1353 2502 Nam,
1391 2401 1419 2488 sr
1446 2405 1562 2520 stirps
1591 2406 1729 2522 aliqua
1756 2429 1919 2517 reperta

641 2536 753 2610 erit,
792 2539 885 2628 quae
913 2514 996 2606 stne
1024 2549 1047 2604 a
1080 2518 1189 2608 icum
1219 2520 1287 2608 usu
1314 2511 1470 2606 frueus
1509 2518 1746 2632 producat,
1782 2516 1917 2604 multo

641 2634 734 2716 sane
760 2621 989 2718 faciliorem
1017 2544 1077 2721 ad
1098 2632 1205 2722 hanc
1234 2633 1481 2746 opinionem
1517 2623 1820 2748 infringendam
1849 2657 1919 2745 pa.

639 2761 770 2828 ratam
799 2743 1012 2828 materiam
1039 2769 1116 2830 nos
1145 2745 1357 2834 habituros
1387 2743 1478 2858 quis
1508 2767 1596 2825 non
1632 2741 1782 2831 videt?
1821 2746 1917 2830 Hoc

641 2873 779 2938 autem
807 2847 934 2942 veluti
961 2849 1235 2945 fundamento
1275 2850 1419 2944 futura
1457 2850 1740 2970 disputationis
1780 2855 1917 2968 jaste,

640 2965 696 3054 ad
725 2961 872 3050 altiora
899 2962 1178 3056 ascendemus.
1207 2971 1388 3056 Primum
1417 2989 1554 3054 autem
1584 2964 1742 3083 plantas
1771 2997 1916 3054 omnes

641 3077 687 3160 in
748 3094 899 3162 uatuor
919 3099 1055 3192 partes
1074 3079 1334 3184 distribuam3
1365 3107 1545 3198 quarum
1565 3081 1695 3192 prima
1716 3107 1781 3164 eas
1803 3108 1923 3165 com-

638 3101 820 3301 plodarss
849 3190 1091 3316 quaeeidem
1117 3185 1405 3310 receptaculo,
1432 3192 1501 3276 cui
1531 3189 1578 3275 &
1607 3189 1801 3306 embrpo,
1830 3191 1919 3280 inst.

583 3363 586 3372 ·
641 3298 785 3392 dentes
816 3327 955 3416 apices
983 3329 1058 3418 per
1086 3305 1253 3394 stamina
1281 3305 1482 3424 gignunt:
1522 3300 1717 3399 secunda,
1740 3331 1918 3423 quarum

640 3413 781 3528 apices
809 3415 853 3498 in
881 3417 1025 3504 eadem
1051 3419 1175 3535 stirpe
1203 3415 1331 3538 longe
1359 3446 1383 3501 a
1410 3407 1543 3504 frusto
1569 3414 1811 3508 nascuntur.-
1840 3441 1919 3506 ter-

641 3528 699 3613 tia
728 3533 932 3640 quarum,
960 3527 1046 3616 aliae
1074 3534 1117 3615 in
1146 3530 1297 3618 eodem
1331 3553 1483 3646 genere
1510 3523 1677 3618 stamina
1699 3531 1920 3647 apicesque

639 3633 779 3726 ferunt
807 3661 986 3739 tanturn,
1017 3639 1103 3730 aliae
1114 3641 1202 3729 ‘stne
1214 3642 1397 3758 apicibus
1417 3634 1618 3732 frueum:
1651 3641 1801 3740 ultima,
1823 3673 1919 3764 quae

640 3773 737 3835 cum
749 3749 960 3861 apicibus,
988 3753 1264 3871 staminibusq3
1281 3747 1807 3853 careant‚fruuumt21nen
1820 3784 1920 3872 pro.

640 3858 827 3987 ducunt.
856 3857 967 3948 nulla
994 3864 1070 3954 alia
1097 3895 1279 3988 cognata
1309 3867 1474 3984 apicum
1499 3867 1663 3959 succum
1686 3866 1917 3981 prebente.
1945 3867 1948 3872 ’

639 3975 690 4074 1¹¹
715 3969 778 4060 l¹1⁵
805 3993 950 4090 ltaque
977 3979 1166 4070 omnibus
1195 3983 1282 4070 hoc
1309 4010 1449 4100 agam,
1479 4005 1524 4069 ut
1543 3979 1624 4066 fine
1646 3980 1810 4094 apicum
1827 4013 1918 4074 mu.

639 4109 741 4170 nere
771 4081 946 4176 crescere
977 4087 1025 4176 &
1058 4093 1200 4207 perfici
1239 4092 1417 4186 frustum
1451 4091 1659 4204 clariffnne
1681 4091 1919 4191 ostendam.

639 4196 827 4305 Quibus,
855 4196 924 4286 etsi
952 4202 1039 4289 sartis
1067 4204 1268 4331 superque
1295 4210 1478 4298 nostram
1504 4203 1743 4294 sententiam
1765 4210 1916 4298 constr.

635 4333 789 4406 matun
815 4313 1064 4424 videbimus,
1094 4343 1231 4416 tatum
1259 4323 1305 4418 &
1332 4325 1547 4436 palmarum
1568 4323 1920 4444 naturam-explet.

1759 4457 1860 4522 tran-

814 1425 881 1482 ma
914 1397 972 1484 ob
1001 1392 1210 1484 fautorum
1237 1397 1528 1482 austeritatem
1550 1392 1761 1492 videatur,
1792 1407 1918 1512 quam
1964 1443 1972 1460 ·

2065 4153 2072 4448 l
