4144 5412
638 245 702 328 74
861 195 1572 299 Auruoeoore

573 323 813 446 compressi,
841 319 1055 436 reniformi
1082 323 1231 432 semine
1257 318 1370 412 sesti.
1476 424 1479 430 Ι

629 448 803 530 Solensem
820 437 1006 550 scandens
1021 429 1094 549 sert
1121 443 1371 522 Dulreemare
1401 431 1449 517 C.
1476 435 1520 520 B.
1547 445 1629 522 Pin.
1662 465 1773 546 137„
1800 432 1849 524 &

684 543 889 640 Toumef.
915 551 998 664 sess.
1007 551 1057 636 R.
1076 547 1191 634 Herb.
1209 575 1298 658 149.
1311 550 1565 664 Desceemere
1583 545 1852 665 Dodl’trnpt.

570 689 573 696 ’
741 692 777 746 2.

625 690 735 862 Hesi:0
753 794 913 863 rotator
937 770 1078 903 gignit
1103 773 1226 857 flores
1254 769 1299 858 in
1336 765 1582 858 ramusculos
1610 765 1849 887 dispositos,

572 882 904 1001 monopetalos,
933 913 977 972 tn
1004 884 1194 1008 quinque
1224 902 1359 997 partes
1388 878 1552 980 sedtos,
1582 880 1729 970 colore
1757 881 1850 971 vio-

573 996 693 1085 laceo
722 1020 895 1087 ornatos
918 1034 933 1098 ‚·
970 997 1015 1085 hi
1043 991 1346 1110 receptaculo,
1382 991 1586 1084 foronine
1624 1000 1736 1084 eirca
1761 989 1853 1080 fun-

571 1113 672 1198 dum
698 1107 807 1198 tubae
833 1108 1017 1209 resisto,
1058 1109 1312 1225 affiguntur,
1349 1107 1647 1230 excipiuntque
1684 1104 1854 1194 stamina

604 1220 820 1319 erbrevia,
846 1249 941 1343 quae
969 1219 1108 1307 etesia
1136 1221 1345 1339 surgunt,
1371 1219 1590 1338 apicesque
1618 1215 1854 1336 oblongos,

569 1249 731 1431 ineos,
758 1355 905 1421 mutuo
934 1337 977 1420 in
1005 1329 1152 1420 tubum
1180 1357 1428 1431 connexos,
1457 1363 1506 1421 ac
1533 1335 1676 1424 tubam
1701 1323 1854 1443 ample-

574 1447 731 1534 &entes
760 1443 1008 1534 sustentant.
1034 1441 1219 1560 Embryo
1246 1444 1293 1527 ln
1320 1444 1433 1529 floris
1453 1470 1600 1532 centro
1622 1440 1853 1532 collocatus

573 1555 622 1645 lit
649 1555 777 1645 bacca
835 1585 958 1655 arva,
985 1553 1092 1640 succi
1110 1550 1255 1666 plena,
1283 1555 1515 1668 compressis
1538 1556 1753 1646 seminibus
1777 1547 1856 1643 fon·

575 1690 651 1767 ta,
681 1669 729 1754 δι
759 1697 783 1753 c
821 1695 898 1786 yce
926 1667 1115 1786 quinque
1147 1668 1270 1753 artito
1297 1661 1474 1754 suffulta.

631 1787 686 1864 Et
711 1779 801 1866 haec
828 1779 997 1898 quidem
1031 1809 1079 1866 ac
1101 1691 1253 1864 'senilia
1289 1779 1333 1864 in
1369 1775 1644 1892 monopetalis
1680 1777 1856 1866 floribus

577 1911 832 1987 occurrunt,
858 1890 911 1978 de
941 1888 1090 2013 quibus
1110 1891 1281 2007 amplius
1301 1889 1444 1976 dicere
1465 1888 1727 2004 supersedeo,
1756 1914 1858 1978 nam

579 2003 774 2090 omnibus
806 2022 950 2115 patent
973 2003 1184 2118 exempla.
1212 1999 1317 2089 Illud
1337 2022 1519 2097 tantum,
1534 2001 1783 2197 priusquam
1802 1999 1857 2086 ad

578 2113 845 2312 polypetalos
874 2115 1104 2212 transeam,
1131 2111 1399 2211 subnefflm,
1441 2110 1538 2230 quo
1592 2112 1636 2196 in
1663 2113 1856 2202 omnibus

596 2256 666 2312 ere
694 2226 866 2315 floribus
893 2225 1109 2314 flosculosrs
1147 2229 1320 2314 nonita
1349 2225 1511 2339 pridem
1547 2224 1632 2314 sum
1670 2249 1860 2314 contem<

581 2335 714 2450 platus
740 2403 749 2422 .
777 2338 833 2420 Hi
863 2342 975 2423 enim
1001 2342 1158 2433 flores,
1186 2337 1397 2454 quoniam.
1415 2319 1556 2454 calyce
1583 2338 1696 2446 arole
1725 2339 1861 2454 conti·

582 2471 733 2533 nentur
762 2449 1209 2565 comprimunturque,
1237 2473 1290 2564 ne
1317 2443 1486 2571 stanriq'a
1513 2444 1743 2562 compressa
1772 2451 1859 2564 api-

584 2583 681 2645 cum
706 2555 917 2675 liquorem
943 2579 1273 2656 remorarentur,
1299 2558 1344 2641 in
1365 2558 1512 2648 ‘tubum
1533 2559 1739 2648 commissit
1762 2587 1861 2679 pro*

410 2657 501 2804 gab.
523 2652 549 2720 ¹·
582 2669 772 2758 ducunt.
800 2667 902 2754 Ideo
931 2692 1068 2783 partes
1097 2692 1245 2757 mutuo
1275 2671 1425 2756 innixae
1453 2669 1626 2761 validius
1653 2672 1862 2770 resistunt,

428 2756 555 2908 ἐξὲξ
585 2781 918 2900 pressionemque
945 2782 989 2864 in
1015 2779 1075 2868 sui
1100 2783 1309 2868 exteriora
1339 2811 1387 2894 ac
1417 2809 1611 2874 convexa
1637 2791 1726 2876 exci
1759 2783 1869 2873 iunt.

584 2895 716 2985 stain
743 2919 874 3006 opere
902 2891 1202 2982 architestorio
1239 2891 1341 2980 nihil
1379 2892 1584 2995 validius,
1622 2896 1671 2984 δε
1739 2899 1863 2987 rmius

585 3007 640 3094 ad
667 3003 936 3093 sustentandas
963 3005 1096 3092 moles
1139 3000 1366 3094 fornicibus
1394 3009 1633 3097 inventum.
1649 3013 1719 3095 lta
1749 3014 1792 3093 in
1819 3037 1863 3093 a·

586 3116 837 3205 nirnantibus
866 3119 1044 3216 atteriae,
1071 3117 1220 3237 quibus
1246 3119 1402 3232 sanguis
1430 3147 1455 3202 a
1484 3119 1613 3204 corde
1637 3117 1865 3218 invehitur,

586 3257 641 3317 ne
671 3261 695 3316 a
723 3229 1017 3342 circumpositis
1047 3231 1244 3346 potentiis
1282 3226 1400 3344 ipsus
1420 3250 1559 3318 motus
1590 3229 1868 3344 perturbetur,

588 3342 715 3429 firmis
744 3341 968 3457 parietibus
997 3343 1041 3428 in
1068 3343 1215 3433 tubum
1245 3341 1511 3430 tondeantur
1519 3377 1534 3442 ,·
1564 3342 1868 3462 &propterea

588 3479 808 3542 contentus
837 3452 979 3574 liquor
1007 3455 1161 3543 nullam
1188 3449 1317 3582 passus
1347 3453 1594 3567 pressionem
1621 3457 1722 3578 jugi
1748 3455 1868 3548 cursu

589 3566 814 3655 interfluit:
855 3591 896 3655 at
924 3590 1075 3655 contra
1108 3593 1222 3658 vesus
1253 3564 1460 3680 plicabiles
1491 3597 1541 3656 ac
1569 3565 1689 3657 facile
1718 3569 1868 3658 ceden-

592 3699 653 3764 tes
671 3678 891 3872 parietes,
928 3683 1087 3874 quippe
1116 3676 1290 3769 venosus
1328 3679 1484 3796 sanguis
1523 3707 1614 3768 non
1642 3704 1803 3768 tantum
1841 3699 1869 3766 a

593 3817 669 3875 cot
702 3817 745 3886 e,
773 3791 859 3874 &a
881 3818 931 3879 va
949 3819 991 3888 rs,
1011 3790 1159 3909 quibus
1181 3791 1445 3890 continetur,
1466 3792 1709 3908 impellitur,
1738 3819 1870 3909 quan·

594 3920 684 3988 tum
710 3921 798 3988 tum
827 3903 1066 3990 arteriarum
1094 3907 1110 4009 (
1135 3909 1228 4019 qu'ae
1256 3906 1457 4018 proximae
1485 3930 1708 4020 propterea
1738 3897 1871 3992 collo-

595 4021 773 4123 cantur)
803 4034 892 4100 tum
919 4015 1195 4105 musculorum
1220 4014 1466 4105 distentione
1496 4015 1548 4102 ad
1578 4044 1653 4102 cor
1673 4013 1872 4129 deseruit.

594 4126 698 4211 Ideo
726 4121 842 4215 nullo
870 4128 1047 4244 negotio
1074 4157 1275 4218 venarum
1303 4130 1477 4244 parietes
1499 4124 1797 4223 collabescunt,
1824 4123 1873 4210 δε

595 4261 839 4333 conteuttun
865 4235 1031 4334 succum
1058 4243 1341 4360 comprimunt
1367 4303 1381 4342 ,
1408 4235 1708 4360 impelluntque
1727 4239 1875 4447 ”isson

1720 4379 1744 4440 a
1788 4373 1819 4432 r·
