4144 5412
606 225 716 312 'io4
814 171 1558 284 fA‘NTH'OLOGIAE

543 319 618 412 vel
645 320 762 410 citius
801 309 871 404 vel
911 309 1067 398 tardius
1096 333 1174 420 per
1200 301 1363 392 fibrillas
1402 301 1675 394 &utriculos
1706 294 1830 392 delati

539 437 707 520 -llorum
734 425 997 514 incrementis
1026 420 1139 510 varie
1170 443 1295 531 opem
1323 418 1601 508 contulerint.
1639 416 1743 506 lllud
1771 441 1830 503 et-

542 546 631 628 iarn
659 545 702 626 in
730 537 879 655 plantis
909 533 1129 622 observare
1157 525 1274 626 licet,
1336 530 1484 618 uodut
1512 535 1687 646 primum
1708 531 1830 614 flore-

545 683 594 740 re
624 652 848 766 incipiunt,
876 646 1006 732 modo
1027 644 1186 761 'iugiter
1211 555 1370 757 singtilis
1401 642 1515 729 annis
1543 645 1716 737 florent,
1738 655 1829 746 mof-

543 767 606 850 do
626 763 813 857 alternis,
841 759 930 846 sunt
959 759 1081 842 etiarn
1105 748 1476 875 quae'longioribus
1501 755 1632 868 spatiis
1656 753 1828 844 variant.

549 883 598 960 ln
629 875 778 992 quibus
809 869 999 956 omnibus
1028 885 1115 951 non
1145 862 1320 948 alienum
1351 897 1373 951 a
1401 869 1489 954 veri
1516 865 1768 951 fimilitudine
1787 885 1829 949 e·-

550 988 607 1072 rit
635 984 827 1079 all'erere,
854 981 928 1066 has
955 975 1130 1065 florendi
1160 973 1454 1093 inequalitates
1483 1007 1538 1062 ex
1564 977 1688 1064 succis
1711 965 1828 1071 nasci,

520 1099 626 1210 ‘qui
648 1100 689 1180 in
716 1092 936 1209 peculiaria
957 1090 1045 1176 vasa
1068 1087 1354 1196 excipiuntur.
1384 1091 1511 1186 Nam,
1538 1087 1566 1173 sr
1593 1095 1726 1200 major
1746 1084 1829 1172 sue-

549 1210 589 1292 ci
612 1207 735 1320 eopia
759 1208 801 1289 in
815 1199 910 1288 -lraec
932 1199 1090 1289 vascula
1111 1195 1331 1312 colligatur
1353 1262 1364 1297 ‚
1389 1225 1516 1316 quam
1537 1229 1630 1320 quae
1650 1198 1829 1286 crescen-

549 1322 603 1404 tis
634 1313 849 1404 arbusculae
866 1311 1110 1402 -evolutioni
1138 1301 1186 1393 bc
1213 1311 1469 1398 nutrimento
1497 1310 1712 1402 necell'aria
1749 1309 1827 1406 est,

550 1431 691 1560 idque·
710 1426 828 1550 quod
858 1422 1052 1540 superest,
1080 1419 1248 1504 floribus
1278 1418 1553 1540 fruebibusque
1576 1419 1828 1538 explicandis

553 1543 754 1636 sufficiat,
796 1561 894 1624 tunc
922 1541 1044 1620 flores
1073 1533 1196 1618 edere
1225 1530 1394 1646 incipiet
1421 1532 1597 1647 planta,
1636 1560 1742 1652 quos
1771 1554 1831 1618 ta*-

555 1679 674 1751 rnen,
702 1649 729 1736 st
757 1647 814 1734 ob
844 1649 961 1744 anni,
990 1643 1363 1760 cultus,terraeque
1383 1646 1668 1734 conditionem
1691 1647 1832 1731 minor

555 1769 665 1856 succi
695 1761 898 1877 quantitas
928 1761 969 1841 in
999 1786 1046 1844 ea
1075 1755 1163 1846 vasa
1191 1753 1482 1866 posterioribus
1506 1760 1618 1842 annis
1650 1761 1832 1844 cortiva*

557 1881 692 1974 bitur,
719 1870 826 1959 ferre
854 1866 1048 1958 cellabit.
1078 1872 1178 1952 Non
1206 1861 1390 1952 dissimilis
1419 1864 1577 1958 illarum
1604 1891 1747 1955 natura
1772 1869 1832 1954 vi·

557 1994 699 2085 detur,
727 2013 840 2106 quae,
868 2011 964 2070 cum
993 1991 1076 2096 jam
1097 1972 1377 2074 adoleverint,
1399 1999 1537 2064 tamen
1559 1976 1722 2066 alternis
1747 1995 1835 2061 tana

555 2125 649 2191 tum
674 2099 792 2184 annis
820 2093 1051 2214 plerunque
1077 2090 1115 2175 se
1143 2085 1308 2174 floribus
1344 2089 1553 2187 induunt,
1581 2111 1629 2178 ut
1657 2094 1700 2175 in
1728 2091 1832 2172 Mali

559 2239 711 2334 genere
738 2209 1014 2322 saepenumero
1043 2201 1269 2322 contingit,
1300 2199 1348 2284 δε
1374 2204 1418 2286 in
1445 2209 1586 2290 Primis
1612 2197 1833 2288 nonnullis.

560 2337 667 2437 Quo
694 2321 804 2404 enirn
831 2345 943 2402 anno
971 2320 1093 2399 flores
1123 2315 1170 2396 &
1196 2313 1351 2397 tructus
1379 2311 1540 2398 uberius
1570 2314 1834 2428 producunt,

561 2440 605 2519 in
633 2435 695 2516 his
724 2427 882 2514 alendis
909 2449 1022 2512 totus
1051 2418 1135 2507 fere
1172 2418 1444 2533 peculiarium
1480 2425 1670 2514 vasorum
1696 2423 1834 2512 succus

562 2541 789 2629 allumiturr
815 2538 924 2622 Hinc
952 2536 1119 2623 arbores
1147 2529 1338 2650 quasdam
1366 2538 1540 2634 notavi,
1579 2563 1697 2654 quae,
1727 2533 1833 2662 post.-

559 2643 915 2774 quamplurimos
952 2641 1105 2734 fruetus
1127 2644 1195 2728 ‘ad
1224 2645 1495 2732 maturitatem
1534 2650 1835 2763 perduxissent,

427 2783 432 2792 ·
561 2771 713 2888 hyeme
742 2785 836 2877 quae
865 2761 1056 2873 proxima
1085 2756 1291 2872 contigit,
1323 2755 1562 2867 perierunt.
1591 2763 1721 2870 Quod
1748 2756 1839 2846 fieri

561 2879 740 2994 iudico,
771 2873 971 2987 quoniam
998 2864 1219 2985 peculiaria
1247 2864 1372 2964 vasa,
1413 2895 1595 2985 quotum
1621 2873 1742 2962 succo
1772 2869 1839 2958 fri.

558 2989 678 3108 ¹gotis
696 2990 767 3075 uis
795 2984 1060 3101 retunditur,
1098 2980 1149 3064 ad
1178 2975 1344 3063 alendos
1373 2975 1527 3070 fruetus
1570 3011 1738 3070 omnem
1764 2981 1841 3070 hu.

519 3123 522 3130 ’
562 3117 729 3189 morem
756 3089 1003 3179 effuderant.
1030 3098 1093 3176 Ex
1120 3115 1209 3207 quo
1237 3093 1448 3201 conjicere
1473 3089 1590 3191 licet,
1619 3121 1692 3188 cur
1714 3093 1843 3182 arbor

565 3203 633 3300 illa
660 3233 716 3294 ex
743 3209 958 3300 ruinarum,
981 3227 1170 3322 genere,
1210 3227 1337 3320 quam
1366 3201 1843 3324 barbari-uoddapannrm

564 3337 673 3412 Hert.
700 3315 845 3404 ¹‚tratri
872 3339 1059 3412 vocant,
1098 3309 1316 3433 postquam
1355 3314 1474 3402 l'emel
1508 3319 1731 3416 floruerit,
1758 3315 1844 3408 fru-

566 3433 742 3555 stusque
764 3430 943 3527 tulerit,
978 3427 1109 3514 statim
1137 3426 1375 3526 moriatur3
1415 3419 1620 3520 all'umitur
1647 3429 1758 3516 enim
1787 3427 1845 3517 ob

566 3573 761 3664 magnam
787 3537 964 3629 finitum
992 3539 1159 3665 copiam
1186 3564 1310 3626 omne
1341 3539 1596 3639 alimentum,
1625 3541 1745 3640 ideo,
1773 3567 1844 3628 ex-

567 3659 694 3746 suctis
719 3651 886 3737 redditis
909 3651 1101 3748 vasculis,
1124 3647 1299 3738 humore
1320 3655 1484 3766 privata,
1502 3649 1721 3740 necell‘ario
1743 3651 1843 3740 con-

567 3767 738 3854 tabescit
765 3785 928 3848 mater.
956 3768 1075 3848 Hanc
1103 3757 1297 3876 profecto
1325 3763 1508 3880 stirpium
1536 3787 1723 3852 naturam
1750 3785 1846 3852 curu

566 3877 758 4081 plerique
796 3877 855 3957 rei
883 3874 1054 3962 Rusticae
1082 3875 1204 3988 periti
1232 3871 1364 3994 longo
1392 3877 1459 3966 usu
1488 3877 1748 3994 exploratam
1774 3877 1846 3963 ha·-

569 4055 572 4062 .
602 4013 718 4088 eant,
746 3981 951 4072 fruetuum
977 4009 1137 4099 partem
1164 3983 1319 4076 tenellis
1348 3987 1563 4078 arboribus
1592 3989 1758 4075 demere
1789 3985 1851 4073 so-

566 4103 755 4200 lent,.ut
784 4125 908 4220 quam
937 4096 1204 4216 longiffimam
1244 4103 1540 4216 perennitatem
1568 4099 1742 4213 pometis
1785 4127 1851 4216 ae·

571 4217 762 4334 quirat.
789 4219 853 4334 lix
879 4211 965 4307 boc
991 4213 1114 4338 etiarn
1138 4215 1316 4336 putandi
1342 4214 1452 4328 ratio
1474 4205 1852 4408 excogitatadfiriile

616 4388 626 4407 r
665 4366 677 4412 ,·
1681 4349 1724 4418 vi
1754 4347 1795 4409 e-
