4130 5424
482 321 486 332 .
610 227 1200 334 SECUNDAE“'
1381 266 1416 323 a

222 345 458 488 {inguinem
479 362 653 475 quoque
677 349 838 467 rapitur
864 415 876 449 ,
904 351 954 440 dr
973 379 1057 438 una
1078 349 1275 468 subigitur
1294 355 1306 448 ,4
1333 379 1392 441 ac
1411 265 1506 443 dan·
1577 409 1584 422 ·

77 507 80 514 ’
219 485 315 568 dem
336 479 441 560 intra
463 493 728 556 mammarum
742 463 964 582 'glandulas
984 463 1215 578 seponitur.
1273 533 1276 540 ⁴

225 599 238 648 -’
274 587 364 676 Hac
388 588 527 699 itaque
553 581 715 666 ratione
735 577 891 660 seminis
904 579 1154 692 germinatio
1177 577 1245 662 fit:
1268 574 1406 666 succus
1419 599 1500 663 ter-

218 727 275 790 rae
297 695 453 786 delatus
475 719 549 809 per
572 691 739 777 corticis
759 714 890 802 poros
918 689 974 772 ad
993 685 1224 800 placentam
1245 749 1256 784 ‚
1276 689 1499 803 particulis,

226 825 228 832 ’
253 839 314 900 uae
325 815 368 897 in
388 809 456 893 illa
478 807 769 897 continentur,
783 796 1130 894 infunditur,subi
1164 803 1329 919 iturque
1341 804 1417 901 3&
1444 802 1498 888 ad

216 841 317 1014 sblia
344 918 543 1007 seminalia
562 913 711 1000 deinde
731 909 885 1013 fcrtur3
911 941 936 995 a
961 907 1069 996 foliis
1092 941 1115 996 a
1163 913 1341 1010 nodum,
1363 945 1387 1000 a
1406 941 1497 1036 quo

217 1037 344 1126 succi
389 1031 535 1120 urioris
563 1053 669 1140 ‘pars
702 1025 754 1114 ad
778 1022 1002 1137 plantulam
1033 1024 1202 1120 tranfit,
1240 1023 1420 1140 reliquus
1442 1029 1497 1114 ad

157 1189 158 1194 Ν
216 1061 441 1240 ⁴radiculam
462 1139 688 1226 deseendit.
717 1141 886 1230 Verum,
909 1157 956 1222 ut
976 1137 1155 1247 primum
1181 1134 1362 1229 radicula
1381 1137 1495 1228 hurnr

216 1259 381 1349 extensa
416 1277 491 1368 per
512 1251 603 1337 suos
635 1247 912 1337 transversales
933 1246 1128 1334 utriculos
1160 1275 1185 1334 a
1213 1269 1325 1334 terra
1349 1249 1496 1342 hono·

217 1401 281 1462 res
304 1370 492 1480 accipere
512 1365 688 1554 inciqit,
713 1359 855 1445 cursirs·
867 1359 1105 1443 nutrimenti
1124 1381 1329 1448 mutatur:
1352 1359 1404 1450 ab
1425 1390 1491 1450 tea

217 1477 355 1570 ditula
378 1477 431 1563 ad
452 1475 602 1562 semina
617 1475 655 1558 ia
677 1469 789 1566 vasa,
811 1466 1041 1554 tabescente
1063 1477 1145 1582 jam
1168 1470 1391 1583 placenta,
1414 1468 1495 1560 fer.

215 1611 285 1683 tur
311 1593 495 1684 humor,
524 1585 580 1670 ab·
608 1584 671 1668 his
700 1601 777 1694 per
798 1577 958 1666 nodum
985 1579 1039 1664 ad
1069 1580 1325 1695 plantulam,
1352 1613 1376 1670 a
1405 1609 1490 1699 qua

214 1702 348 1800 rursus
367 1729 441 1824 per
460 1697 709 1785 exteriorem
728 1715 890 1807 partem
912 1689 965 1778 ad
983 1689 1209 1781 radiculam
1225 1695 1359 1782 redit.
1483 1746 1491 1792 ·.

211 1867 221 1883 ‚
271 1819 372 1897 Non
392 1805 611 1903 dissimilis,
635 1805 856 1894 Auditores
892 1805 1070 1918 optimi,
1105 1829 1251 1895 natura
1281 1807 1339 1892 est
1356 1802 1488 1894 bulbit

210 1923 375 2043 (quod
399 1921 457 2009 est
476 1921 647 2007 alterum
667 1917 823 2004 senonis
843 1943 973 2036 genus
997 1922 1014 2026 )
1045 1921 1209 2006 Humor
1238 1919 1324 2040 qui,
1345 1917 1488 2004 crassis

210 2037 318 2120 simis
344 2036 407 2118 his
428 2031 533 2118 foliis
556 2031 826 2127 continetur,
856 2029 1080 2117 recedente
1109 2060 1134 2117 a
1162 2053 1271 2118 terra
1302 2057 1377 2145 per
1404 2028 1487 2116 hos
1572 2069 1574 2072 ·

212 2148 390 2262 parietes
410 2143 532 2232 succo
553 2139 811 2241 infunditur,
832 2174 881 2230 ac
907 2141 1105 2260 subigitur
1129 2178 1145 2240 ,·
1166 2141 1314 2230 deinde
1327 2140 1388 2228 'ad
1409 2168 1488 2228 no-
1573 2155 1576 2162 '

212 2261 326 2347 dum·
339 2255 450 2345 bunc
471 2257 695 2372 pervenit,
725 2255 774 2339 δε
795 2254 995 2343 radiculas
1016 2258 1328 2374 circunquaque
1348 2276 1488 2340 exem*

206 2372 278 2456 ,dit
289 2403 305 2468 ς
326 2395 420 2484 pars
441 2391 578 2456 autem
599 2369 721 2454 hu'us
742 2367 851 2454 circa
873 2365 1097 2483 planttdem
1115 2367 1167 2454 ad
1178 2393 1365 2454 centrum
1384 2393 1485 2451 cona

212 2485 403 2600 geritur3
429 2490 544 2596 cujus
568 2395 731 2568 fibrillas
755 2477 881 2576 subit,
907 2475 1193 2597 explicatquei
1222 2479 1482 2595 subingredi-

210 2619 281 2684 tur
306 2596 462 2680 interea
481 2593 532 2680 ab
552 2590 753 2680 radicibus
774 2590 926 2680 humor
947 2647 958 2688 ,
997 2590 1306 2686 &nutrimenti
1323 2588 1482 2688 cursura

206 2703 564 2822 quemadmodum
586 2707 629 2788 in
649 2701 799 2787 semine
819 2701 1067 2788 ostendimus
1087 2763 1100 2801 ,
1122 2703 1367 2796 invertitur.
1395 2704 1483 2788 Sci-

183 2815 364 2930 ,endum
383 2837 518 2902 tamen
545 2814 603 2900 est
623 2811 807 2926 plurimis
831 2817 874 2898 in
903 2810 1034 2900 bulbis
1062 2809 1162 2902 folia
1189 2815 1277 2902 haec
1296 2811 1374 2902 five
1395 2812 1480 2928 pla·

205 2949 380 3016 centem
402 2951 490 3008 non
510 2921 820 3020 contabescere,
842 2927 882 3006 in
895 2918 980 3008 aliis
1002 2949 1175 3024 contras
1195 2926 1348 3014 horum
1368 2928 1479 3016 enirn

208 3041 509 3124 nutrimentum
530 3033 753 3128 incaulem,
774 3030 935 3120 &folia
955 3055 1092 3124 totum
1110 3031 1366 3135 diffirttditur‚
1386 3039 1478 3156 qui·

210 3149 288 3238 bus
311 3145 578 3234 arescentibus
602 3147 925 3248 ‚intranovum
947 3145 1115 3235 bulbum
1141 3149 1193 3236 ad
1212 3151 1368 3236 nodum
1385 3179 1412 3234 a
1429 3149 1477 3234 li-

210 3262 327 3380 gneia
348 3256 499 3346 tibrillis
521 3259 776 3372 produbbum
793 3255 1034 3375 colligitur.
1064 3263 1160 3348 Hoc
1181 3257 1324 3348 clarius
1344 3261 1389 3344 in
1409 3283 1478 3346 ora

201 3373 385 3459 ebidiber
405 3389 599 3486 apparet:
623 3372 668 3454 in
686 3369 751 3454 his
771 3372 902 3456 omnis
924 3372 1170 3488 succus‚qui
1191 3371 1277 3454 hoe
1289 3372 1477 3456 contine-

177 3571 178 3574 a
202 3485 337 3573 batur
360 3481 515 3582 tubere,
525 3483 567 3566 in
578 3477 746 3580 folia&
766 3480 899 3569 caules
911 3505 1160 3568 exoneratur
1169 3517 1185 3580 ,·
1203 3506 1306 3570 mox
1324 3481 1369 3564 in
1388 3481 1476 3568 hoo

206 3621 376 3686 novum
394 3595 711 3712 congeritur.ln
731 3593 868 3680 multis
888 3617 1044 3689 autem,
1066 3619 1154 3679 non
1175 3593 1220 3676 in
1240 3617 1369 3680 unum
1388 3589 1475 3680 bul·

201 3709 342 3802 thum,
368 3731 411 3791 at
427 3706 474 3790 in
492 3705 656 3820 plures,
678 3707 889 3798 derivatur
911 3707 1080 3806 humor,
1092 3728 1138 3794 ut
1156 3707 1200 3791 in
1217 3710 1354 3790 Allir's.
1369 3707 1477 3818 Qia
1509 3717 1511 3723 “

199 3815 287 3906 »bus
307 3845 409 3906 uero
430 3815 620 3930 placenta
638 3817 868 3932 hujusnodi
886 3817 1096 3914 servatur.
1117 3820 1162 3904 in
1179 3818 1242 3904 lais
1265 3837 1377 3906 totus
1400 3819 1477 3908 hu*

196 3949 307 4016 :mor
327 3929 380 4014 ad
400 3927 472 4014 has
497 3929 701 4043 placentas
721 3929 966 4024 revehitur,
997 3927 1162 4022 euclufis
1192 3954 1327 4018 tamen
1358 3960 1412 4016 ex
1431 3930 1477 4016 li.

194 4041 326 4156 gneio
351 4037 508 4126 fibn'llir
534 4069 645 4132 nova
668 4039 849 4159 plrnnda'
867 4039 988 4126 instar
1007 4068 1198 4158 gemnae,
1229 4047 1275 4132 δέ
1293 4041 1473 4154 plurimii

194 4149 296 4236 -aliis
317 4153 382 4236 exi
414 4154 475 4238 uie
498 4151 637 4241 bulbis·
654 4159 764 4242 circa
785 4154 977 4240 nodum.
1006 4161 1111 4240 Sunt
1139 4159 1263 4242 etiam
1325 4179 1478 4238 uorum

196 4264 352 4354 ⁸enatus·
362 4175 562 4382 qlacentae
581 4265 784 4360 sucous-in
807 4262 1150 4386 folia,&cau1es
1172 4263 1278 4368 abit,
1308 4289 1481 4466 f&pern

251 4399 288 4450 ἱ.
313 4411 322 4454 i
1328 4406 1348 4464 e
1395 4403 1424 4464 0
