4126 5420
680 288 764 362 ιω
940 244 1540 372 nr'sssrrrrro

610 397 732 508 (qua
763 378 1022 497 peculiariter
1051 380 1202 463 utimur
1230 375 1421 484 Medici)
1453 407 1591 463 amara
1621 373 1767 490 sapore
1795 377 1890 482 est}

607 493 895 614 &aperiendi
924 494 965 582 vi
996 553 1008 588 ,
1037 485 1362 607 discutiendique
1384 491 1711 686 praestantissima
1747 495 1892 580 ‚bibi

609 637 679 700 tur
707 641 759 696 ex
787 611 887 698 vino
907 606 1003 691 trita
1025 602 1208 690 adversus
1228 601 1360 687 lebres
1398 633 1465 689 ive
1498 632 1594 724 quae
1614 629 1688 719 per
1712 603 1890 724 aliquod

609 721 871 813 intervallum
882 717 1098 804 circuitum
1109 711 1290 810 habent,
1318 711 1399 806 sive
1420 743 1514 834 quae
1534 742 1753 831 nunquam
1777 721 1889 833 prius

609 863 665 922 ex
688 858 784 922 toto
814 830 1027 926 defistunt,
1057 855 1184 942 quam
1212 821 1341 912 altera
1369 829 1561 916 invadat.
1583 836 1718 917 Datur
1730 854 1890 931 autem,

610 977 708 1036 cunr
736 949 915 1062 primum
943 942 1102 1029 artetiae
1130 936 1332 1060 subsultim
1373 941 1556 1030 crebrius
1585 942 1622 1028 se
1651 943 1689 1028 se
1717 972 1898 1036 moven-

606 1061 668 1143 do
696 1057 883 1143 febrilem
909 1053 1121 1140 materiam
1159 1051 1289 1135 adelle
1319 1053 1516 1143 testantur
1553 1121 1564 1140 .
1603 1055 1799 1142 Adversus
1828 1079 1890 1144 ta,

607 1198 704 1258 men
731 1168 865 1255 febres
905 1163 1189 1282 pestilentiales
1218 1163 1363 1252 radicis
1405 1171 1565 1254 cortice
1595 1189 1761 1253 utuntur
1783 1174 1884 1253 Ger..

607 1284 721 1370 mani
749 1311 803 1366 ex
831 1303 953 1364 aceto
982 1275 1219 1362 exhibentes
1233 1329 1252 1372 ,-
1274 1279 1440 1390 adjecta
1468 1279 1638 1376 Rota&
1661 1279 1883 1374 Theriaces

608 1395 839 1509 portione.
868 1391 1046 1476 Multum
1065 1415 1240 1508 quoque
1272 1395 1378 1477 utilis
1399 1395 1445 1477 iis
1476 1392 1690 1507 proditur,
1719 1395 1791 1508 qui
1811 1394 1890 1504 spi..

609 1505 730 1592 randi
760 1502 996 1590 difficultate
1024 1497 1215 1587 laborant
1248 1536 1263 1598 ,·
1290 1502 1451 1592 discutit
1479 1507 1620 1599 enim,
1650 1501 1785 1619 siquid
1810 1505 1888 1588 cir.

608 1649 657 1708 ca
689 1617 964 1730 pulmonarias
993 1611 1181 1702 vesiculas
1212 1614 1301 1699 coit
1328 1645 1341 1702 t
1382 1619 1437 1700 ita
1465 1621 1567 1702 aeris
1596 1617 1882 1724 reciprocatio

607 1727 762 1815 facilius
791 1729 1025 1842 contingit.
1056 1724 1252 1811 Mulieres
1273 1753 1447 1845 quoque
1470 1757 1523 1812 ex
1544 1747 1667 1812 utero
1692 1726 1886 1818 laborari.

606 1863 669 1927 tes
699 1903 711 1936 ,
750 1862 851 1956 pota
879 1869 932 1926 ex
959 1841 1059 1928 vino
1089 1838 1185 1924 albo
1217 1843 1395 1938 radice,
1434 1839 1642 1954 pristinam
1668 1839 1887 1937 sanitatem

605 1955 840 2066 recipiunt.
881 1962 985 2066 Quo
1011 1950 1195 2038 remedio
1223 1952 1269 2036 iis
1308 1953 1483 2038 similiter
1511 1951 1752 2040 succurritur
1782 1957 1880 2150 qui-

607 2065 681 2154 bus
711 2066 863 2152 menses
892 2089 1182 2161 remorantur,
1211 2089 1282 2151 aut
1309 2071 1427 2155 urina
1457 2063 1627 2152 mucosis
1648 2063 1773 2150 succis
1813 2091 1887 2149 eno=

605 2179 760 2266 tescens
790 2175 966 2265 stillatim
993 2178 1174 2296 egeritur
1211 2245 1220 2261 .
1258 2179 1376 2267 Estur
1408 2179 1530 2266 etiarn
1556 2176 1708 2266 utiliter
1737 2199 1885 2276 contra

604 2289 830 2378 lumbricos
859 2289 907 2373 &
934 2286 1011 2376 alia
1032 2298 1345 2379 intereanorum
1372 2290 1644 2379 Animalcula.
1673 2291 1790 2395 Quid
1813 2319 1881 2380 vt-

603 2431 657 2488 ro
686 2404 739 2488 de
768 2425 943 2489 externo
972 2403 1043 2492 usu
1070 2405 1244 2490 dicam?
1273 2403 1433 2508 Quibus
1465 2403 1598 2492 verbis
1628 2429 1721 2488 cum
1751 2401 1877 2491 vobis

603 2515 936 2612 commendabo,
965 2518 1136 2634 quando
1164 2517 1302 2606 succus
1327 2513 1378 2602 ab
1399 2515 1538 2603 radice
1560 2509 1765 2629 exprcssits
1789 2536 1885 2598 tan-

602 2648 645 2711 ta
674 2626 847 2713 utilitate
879 2626 1111 2718 bubonibus
1141 2691 1154 2726 ,
1191 2633 1238 2717 dt
1264 2630 1449 2749 malignis
1479 2627 1680 2718 ulceribus
1708 2685 1720 2722 ‚
1748 2653 1883 2712 reme.

603 2738 679 2826 diis
709 2738 794 2826 aliis
823 2743 957 2828 minus
988 2741 1180 2858 prospere
1208 2743 1551 2857 respondentibus
1580 2807 1591 2840 ,
1619 2741 1883 2854 inungitur?

608 2853 740 3072 SEd
760 2863 838 2965 jam
866 2868 1108 2966 eupatorium
1126 2858 1406 2972 expendamus
1418 2885 1507 2943 non
1532 2851 1702 2941 minoris
1716 2853 1767 2936 ad
1790 2877 1880 2938 rem

708 2967 917 3052 Medicam
944 2969 1156 3068 utilitatis,
1219 2969 1329 3066 uod,
1358 2993 1404 3057 ut
1431 2971 1490 3054 ait
1516 2969 1693 3066 Plinius,
1710 2965 1882 3082 regiam

602 3076 731 3163 habet
760 3074 812 3163 ab
842 3080 1065 3169 inventore
1101 2997 1398 3164 nobilitatemo
1436 3105 1719 3193 quanquam,
1759 3073 1884 3194 quod

601 3187 689 3276 hoc
702 3191 881 3276 ,nomine
904 3219 1014 3282 nunc
1035 3191 1306 3285 celebramus,
1335 3189 1385 3274 dt
1403 3187 1455 3272 de
1473 3215 1564 3308 quo
1584 3190 1767 3277 <staurus
1794 3187 1885 3278 sum

603 3299 833 3417 legitimum
859 3327 1045 3394 veterum
1070 3313 1313 3418 eupatorium
1342 3325 1431 3387 non
1457 3300 1641 3390 censetur
1663 3332 1677 3406 3
1707 3294 1809 3386 illud
1840 3331 1885 3386 e.

602 3418 711 3512 nim,
741 3438 786 3503 ut
815 3419 1097 3530 aperitissimis
1127 3445 1223 3502 acce
1259 3416 1361 3504 imus
1395 3481 1408 3516 ,
1446 3415 1505 3502 est
1530 3432 1568 3501 A
1588 3423 1790 3512 rianom'a„
1827 3413 1882 3504 de

602 3555 688 3644 qua
716 3533 821 3615 inter
850 3527 986 3618 clall'es
1012 3525 1130 3618 floris
1162 3442 1390 3649 polipetali
1410 3527 1538 3618 verba
1556 3449 1771 3616 sociemus.
1864 3643 1865 3646 w

659 3646 900 3752 Rosleriorum
927 3655 1054 3755 itaque
1075 3655 1319 3760 Eupatoriorm
1334 3647 1510 3754 producit
1531 3651 1574 3730 o'oo
1595 3639 1882 3758 capitalesque<

602 3778 704 3838 mota
733 3757 887 3866 digestos
902 3761 1032 3870 flores
1066 3759 1342 3870 ,monopetaloo
1367 3815 1379 3850 ,
1402 3757 1617 3868 flosculosos
1635 3761 1784 3870 proprie
1814 3755 1879 3838 do·-

602 3871 710 3960 oros,
739 3868 885 3978 oblongo
900 3873 1099 3976 filamonto
1126 3871 1308 3980 bisdoqoe
1336 3869 1526 3976 ioostrucioo
1554 3871 1570 3976 (
1598 3893 1688 3984 quo
1717 3883 1881 3963 tantum

605 3971 819 4064 discrimne
847 4006 872 4061 a
898 3993 1094 4070 Senecione
1133 3980 1378 4092 separatur)
1408 4013 1563 4095 quorum
1576 3983 1726 4095 semino
1749 4007 1881 4096 pappos

593 4091 774 4204 ferentia
802 4101 844 4175 o‘o
866 4097 965 4177 nudo
992 4119 1235 4181 maturantur
1260 4096 1447 4180 thalamo.

655 4205 757 4327 Hac
785 4201 844 4292 cst
869 4219 1065 4335 Eopoooro‘o‘
1099 4229 1245 4298 natura
1275 4267 1289 4308 ,
1317 4213 1432 4325 cujus
1459 4203 1695 4327 exemplum
1720 4209 1765 4293 in
1789 4203 1884 4316 hoo

597 4337 841 4436 captamus:

1701 4443 1732 4544 1,
1750 4448 1831 4548 ,Eoo
1870 4394 1876 4407 ’
