4120 5414
656 225 784 329 248*
877 193 1578 316 DISSERTATIO

584 336 811 423 discrimine
839 392 851 427 ‚
879 329 945 414 sed
976 324 1084 412 flore
1113 384 1123 418 ,
1152 328 1265 430 cujus
1294 321 1403 406 ratio
1432 321 1476 403 in
1504 319 1867 418 Tournesortiana

584 446 786 538 methodo
828 443 958 554 prima
986 439 1033 522 &
1061 433 1240 520 maxima
1269 430 1327 515 est
1361 497 1369 514 .
1408 433 1486 517 Sed
1515 431 1568 517 de
1597 441 1759 552 generis
1787 469 1868 526 no.

583 539 711 648 vitate
740 555 829 638 haec
857 552 976 636 satis:
1003 573 1114 633 nunc
1137 542 1188 629 ad
1222 542 1339 658 ipsrus
1364 563 1554 632 naturam
1573 545 1866 660 explicandam

585 666 893 755 descendamus.

641 779 841 866 Forbicina
868 785 994 890 itaque
1025 777 1176 858 ditetur
1197 781 1346 883 genus‚'
1375 774 1475 881 quod
1495 781 1536 856 in
1563 777 1719 858 radiata
1745 789 1865 892 capita

579 893 697 1008 flores
711 890 840 1002 semifl
849 886 1008 998 stulosos
1028 887 1073 980 ἀ
1091 881 1296 997 flosculofits
1314 881 1484 991 seorstsm
1497 886 1633 994 ficos(
1658 891 1744 969 illos
1750 897 1866 1000 scili-

587 1029 647 1088 cet
674 1014 715 1086 in
743 1030 868 1083 corona
899 1059 910 1094 ,
940 1001 1002 1082 bos
1029 1009 1070 1080 in
1097 995 1233 1104 disto)
1264 998 1445 1106 digerit,
1475 1027 1628 1109 quorum
1648 997 1859 1110 embryones

586 1116 738 1224 oblonga
750 1112 900 1222 semina
912 1114 1029 1220 fiunt,
1050 1107 1383 1214 crafflsfilamcntis
1401 1109 1664 1217 velarianstr's
1680 1121 1778 1223 apice
1800 1122 1863 1196 in·

573 1227 755 1336 strarcsa,
786 1223 831 1317 ῤ’
849 1222 1018 1333 squamis
1044 1221 1251 1302 athalam
1281 1225 1426 1299 exortis
1440 1217 1643 1333 separata.

645 1338 774 1446 Hujus
805 1332 964 1448 generis
996 1351 1075 1415 tres
1108 1324 1339 1520 collipirnus
1369 1326 1519 1440 species
1551 1333 1778 1446 ,primam
1802 1331 1858 1418 se-

572 1472 667 1534 -cus
697 1446 796 1540 vias,
830 1439 944 1526 nullo
972 1462 1184 1558 cogente,
1228 1435 1486 1542 ubcuntem3
1518 1440 1684 1528 alteram
1712 1443 1758 1528 &
1784 1467 1860 1530 tera

589 1562 687 1642 tiam
718 1554 942 1670 peregrinis
973 1552 1200 1666 provinciis
1231 1545 1494 1656 transmissam
1524 1611 1533 1634 .
1567 1559 1631 1638 De
1660 1556 1725 1638 his
1755 1557 1863 1640 ordi-

583 1666 797 1864 ‘gesem
825 1663 1011 1760 sisciam,
1048 1661 1092 1750 δέ
1120 1663 1298 1776 primurn
1324 1659 1375 1746 de
1403 1657 1584 1748 nostrate
1615 1723 1626 1760 ,
1655 1694 1782 1784 quarn
1811 1670 1868 1754 ita

621 1803 720 1860 nto:

643 1891 671 1968 1.
699 1889 897 1974 Frrbicina
924 1893 996 1972 vul
1020 1899 1098 1972 aris
1123 1950 1135 1983 ‚
1161 1887 1255 1998 folia
1284 1897 1428 2000 integro
1463 1890 1636 1972 .Br'dens
1657 1897 1754 2009 folio
1783 1870 1857 1976 nin

697 1999 844 2112 discsse
883 1921 1049 2114 Caesalp.
1077 1988 1175 2106 488.
1203 2063 1214 2096 ‚
1254 1997 1301 2083 δε
1327 1997 1528 2084 Tournef.
1556 2005 1638 2108 tull.
1666 2013 1713 2094 R.
1740 2003 1859 2086 Herb.

699 2116 793 2218 462.
821 2112 1010 2224 Verbestna
1032 2114 1247 2228 pulchriore
1263 2110 1396 2223 flore,
1425 2115 1526 2196 luteo
1552 2117 1588 2220 J.
1608 2117 1649 2200 B.
1685 2147 1719 2200 2.
1746 2141 1861 2225 1074

703 2235 944 2337 eupatorium
984 2224 1239 2308 cannabinum
1278 2280 1290 2320 ,
1341 2221 1649 2334 Chyfirnthemum
1686 2224 1863 2313 Tabern.

698 2352 790 2418 scon.
823 2369 864 2420 11
902 2402 911 2419 .
1449 2397 1453 2406 ·

646 2446 817 2532 Radiata
844 2369 932 2533 hdc
961 2447 1161 2564 producit
1197 2443 1373 2559 capitula
1398 2447 1569 2563 gemino
1596 2445 1623 2534 s
1645 2475 1855 2535 uarnarurn

587 2553 738 2642 ordine
768 2559 902 2644 cintia
935 2587 947 2661 3
989 2559 1091 2648 alter
1118 2563 1270 2648 horum
1298 2557 1370 2674 qui
1403 2563 1586 2645 exterior
1684 2569 1862 2671 major,

590 2669 779 2787 quinque
809 2668 874 2758 vel
901 2667 968 2758 sex
995 2673 1155 2762 constat
1183 2665 1288 2754 foliis
1318 2671 1545 2789 oblongis,
1574 2673 1620 2757 in
1638 2669 1755 2760 stellae
1778 2667 1864 2756 sor.

588 2801 698 2868 marn
725 2781 950 2896 dispofitis,
979 2786 1106 2872 &ad
1133 2784 1379 2873 interiorum
1406 2785 1429 2870 s
1454 2809 1665 2873 uamarum
1688 2781 1858 2896 angulos

590 2891 835 2980 imbricatim
861 2893 937 2980 srtis
961 2925 973 2999 3
1006 2897 1108 2984 alter
1130 2898 1304 3016 squamis
1325 2813 1548 3016 equilibus
1571 2897 1861 3012 componitur,

590 3003 709 3116 supra
739 3005 963 3094 thalamum
993 3009 1045 3094 ad
1075 3007 1420 3123 perpendiculum
1448 3009 1629 3106 erestis,
1660 3034 1786 3121 quern
1807 3029 1865 3090 et-

590 3117 673 3198 iarn
711 3138 848 3202 toturn
884 3114 966 3206 fere
995 3119 1071 3205 illae
1100 3135 1314 3226 occupant
1350 3121 1458 3202 inter
1484 3117 1619 3200 semen
1648 3119 1697 3203 &
1724 3115 1862 3200 semen

604 3222 759 3325 rosrtae,
789 3229 831 3311 in
861 3234 1118 3316 extremitate
1147 3228 1286 3313 luteae.
1313 3231 1384 3314 His
1417 3230 1593 3342 primurn
1615 3224 1864 3314 sernifloscu-

608 3340 620 3420 i
649 3341 916 3429 continentur
945 3340 1168 3462 lingulati,
1208 3335 1308 3421 lutei
1343 3401 1355 3439 ,
1398 3339 1549 3454 vagina
1577 3339 1622 3422 ἃ
1650 3336 1864 3437 firmenta

591 3477 808 3552 carentes,
838 3453 1131 3552 ernbrvonibus
1160 3445 1291 3538 oblon
1325 3452 1389 3549 is,
1418 3449 1567 3570 quibus
1598 3451 1866 3547 incumbunt,

590 3587 803 3678 nunquam
840 3561 1237 3659 rnatu'rescentibus3
1306 3563 1428 3649 einde
1455 3563 1531 3677 qui
1574 3563 1615 3645 in
1646 3563 1756 3666 disco
1784 3563 1866 3644 nas-

590 3699 777 3772 cuntur,
805 3670 1006 3761 flosculosr
1037 3678 1208 3788 proprie
1232 3671 1353 3773 dieti,
1383 3701 1567 3800 quorum
1587 3673 1761 3791 quisque.
1776 3699 1867 3755 rno-

593 3787 813 3898 nopetalus
844 3787 932 3883 est,
959 3788 1006 3873 dc
1034 3789 1087 3872 ad
1114 3783 1363 3876 infundibuli
1391 3801 1569 3876 sormam
1598 3783 1868 3878 efformatus,

594 3918 670 4006 per
711 3893 910 3982 laxiorem
951 3923 1111 4011 partem
1140 3901 1483 4017 quinquepartito
1526 3895 1722 3994 solutus,
1772 3893 1867 3981 lutei

593 3999 781 4101 coloris,
810 4009 1046 4128 vaginaque
1075 4037 1170 4129 quae
1198 4011 1381 4127 apicibus
1414 4005 1533 4129 pullis
1562 4010 1644 4105 fit,
1675 4041 1723 4096 ac
1753 4008 1863 4093 luteo

592 4111 803 4234 filamento
833 4143 1000 4206 ornatus
1025 4188 1034 4205 .
1063 4123 1216 4207 Semini
1242 4121 1437 4242 oblongo
1459 4121 1661 4217 adheret,·
1688 4121 1737 4208 ὅτ
1756 4143 1866 4204 cotn-

594 4225 748 4337 presso:
778 4227 864 4320 hoc
894 4259 976 4350 qua
1005 4257 1123 4350 parte
1152 4262 1248 4327 curn
1268 4231 1450 4359 thalamo
1475 4233 1767 4330 committitur,
1795 4255 1870 4315 211⁴

1742 4363 1817 4462 gu*
