4126 5420
653 251 740 319 ιοο
903 209 1529 328 DISSERTATIO

581 351 731 442 drillae,
751 336 1008 457 ‘posteriores
1035 329 1171 445 plures
1190 324 1350 416 faciunt
1361 328 1610 420 differentias
1631 396 1643 430 ‚
1672 335 1785 427 nulla
1808 353 1868 432 tae·

583 487 680 550 men
701 454 837 542 adhuc
860 452 1048 540 inventa,
1077 470 1172 559 quae
1191 437 1361 531 illorum
1395 443 1582 536 secunde
1608 445 1739 536 smilis
1767 483 1863 540 cen.

581 573 738 658 scatur.

641 659 709 766 A'd'
729 677 904 792 primam
926 667 1015 756 haec
1035 666 1237 787 accedere
1273 665 1439 758 videtur
1465 729 1476 768 ‚
1505 673 1611 790 quin
1638 669 1865 765 B'otanico.

583 821 678 882 rum
698 785 892 877 consensit
914 780 1089 868 eandem
1110 777 1184 862 elle
1204 781 1472 869 contenditur
1484 821 1499 882 ;
1527 783 1665 872 finitur
1687 787 1860 889 idcirco,

643 910 673 990 I.
700 898 923 986 Chondrilla
956 891 1147 1001 arvenfis,
1200 900 1353 988 ωιτη,
1381 925 1456 1007 qua
1476 906 1601 1011 prima
1630 902 1865 1012 Dioscorida

697 1015 747 1096 C.
775 1014 817 1092 B.
844 1017 927 1089 Pin.
960 1033 1072 1113 130„
1104 997 1151 1085 ἃ
1179 923 1381 1089 l'ournef.
1409 1013 1490 1118 inst.
1518 1011 1568 1096 R.
1595 1011 1710 1096 Herb.
1738 1039 1835 1124 475.

588 1189 592 1196 .
639 1123 833 1239 Gignitur
854 1117 1009 1232 ubique
1031 1107 1118 1196 fere
1140 1109 1222 1199 levi
1246 1111 1508 1238 sabulosaque
1529 1141 1667 1220 terra,
1693 1122 1741 1208 &
1770 1126 1864 1216 bru⁴

584 1234 680 1328 mali
703 1226 940 1343 tempestate
961 1223 1143 1311 acetariis
1157 1222 1371 1324 miscetur,
1398 1232 1505 1348 grati
1515 1231 1672 1349 saporis
1681 1236 1862 1354 quidem,

586 1351 635 1438 ὃ(
655 1346 756 1434 boni
783 1339 889 1428 succi
921 1401 932 1426 .
958 1337 1106 1450 Capita
1131 1333 1193 1460 ⁸de
1221 1333 1380 1425 summis
1412 1342 1575 1432 ramulis
1607 1346 1862 1466 cylindracea

619 1453 771 1555 rofert,
798 1453 972 1582 squamis
992 1446 1164 1565 aequalia
1184 1447 1342 1566 glutine
1364 1456 1551 1565 quodam
1570 1458 1628 1544 ita
1649 1481 1795 1545 mutuo
1818 1455 1863 1542 si<

568 1487 632 1662 bi
659 1593 881 1662 connexis,
910 1584 958 1650 ut
977 1559 1097 1680 calyx
1118 1560 1415 1680 monophyllus
1437 1565 1649 1654 videatur.
1678 1574 1865 1660 Curnve-

586 1713 639 1774 ro
661 1743 674 1780 ‚
703 1675 971 1766 arescentibus
988 1669 1201 1760 seminibus
1223 1730 1236 1767 ‚
1263 1667 1401 1762 succus
1424 1675 1491 1762 ille
1513 1682 1786 1790 reprimitur,
1818 1681 1868 1767 δὲ

588 1796 720 1912 pappi
738 1793 781 1876 in
801 1784 1068 1877 transversum
1086 1783 1172 1870 sese
1192 1779 1469 1896 explicando,
1500 1790 1639 1878 inillas
1654 1793 1870 1891 nituntnm·
2039 1873 2040 1876 γ

589 1931 690 1994 tnnc
707 1900 867 1994 divulsae
885 1899 1154 2014 separantur.
1181 1891 1320 1982 Floret
1344 1901 1622 2015 monopetali‚
1653 1902 1867 2030 lingulati,

588 2017 701 2107 aurei
724 2015 869 2104 colore
890 2070 902 2109 ,
931 2038 1022 2128 quo
1046 2010 1094 2098 ὅτ
1114 2005 1265 2136 vagina
1284 2008 1490 2208 titqqppnr,
1518 2011 1566 2100 ἃ
1586 2012 1685 2100 tuba
1719 2043 1762 2097 m
1781 2014 1869 2128 api-

591 2159 639 2218 ce
664 2125 825 2215 bifidata
849 2187 859 2208 .
887 2120 1026 2208 Flores
1047 2144 1194 2236 poppis
1216 2118 1328 2246 ampl
1410 2142 1477 2211 tur
1499 2123 1659 2223 semen,
1685 2121 1870 2246 longius-

591 2240 750 2335 culum,
779 2239 827 2324 &
850 2263 946 2321 cum
967 2233 1051 2320 aliis
1063 2233 1132 2320 fibi
1145 2235 1345 2346 proximis
1357 2232 1542 2327 thalamo
1555 2239 1740 2332 affixtun·
1766 2242 1867 2328 Haec

592 2348 871 2468 capitulorum
892 2343 1048 2434 forma.
1358 2367 1361 2374 '

648 2461 782 2574 Qrod
802 2461 855 2546 ad
872 2459 1079 2546 Medicam
1092 2449 1326 2551 facultatem
1341 2455 1518 2580 spebbat,
1545 2457 1869 2579 ususipliusnul-

591 2569 655 2660 los
692 2569 806 2686 apud
835 2572 1036 2684 probatos
1059 2570 1278 2689 scriptores
1318 2598 1468 2690 praeter
1503 2601 1633 2668 unum
1659 2575 1876 2663 Dioscori-

590 2685 686 2772 dem
708 2741 721 2782 ,
750 2704 821 2776 aut
841 2681 947 2770 duos
971 2686 1099 2774 tresve
1125 2686 1251 2782 alios,
1280 2691 1354 2800 qui
1385 2686 1532 2776 exilio
1555 2689 1869 2804 excerpserunt,

591 2798 761 2886 tuemini
780 2792 916 2915 legiss'e
938 2824 1122 2917 unquam
1144 2859 1153 2884 .
1180 2801 1259 2885 Hic
1278 2826 1383 2886 vero
1402 2801 1581 2891 labbeum
1606 2802 1769 2892 succum
1795 2801 1871 2888 cin-

592 2941 643 2998 ca
663 2910 843 2998 radicem
864 2909 986 2996 instar
1007 2918 1162 3027 gummi
1186 2908 1394 3000 densatum
1416 2915 1586 3026 priv'atis
1610 2911 1873 3004 foemibarum
2040 2923 2041 2930 ‘

593 3017 749 3110 morbis
772 3019 923 3109 menses
942 3023 1207 3110 subducendo
1230 3020 1389 3109 laudat.
1418 3026 1551 3138 Qrod
1569 3053 1667 3114 cum
1689 3011 1875 3143 partibus

594 3127 817 3246 salibusque
839 3133 1091 3233 tenuissimis,
1118 3133 1419 3226 &admotum
1443 3138 1620 3227 maxime
1645 3140 1749 3254 aptis
1772 3161 1876 3224 cona

593 3241 703 3340 stet,
740 3245 964 3334 commode
987 3245 1174 3363 praestare
1195 3247 1306 3360 poss'e
1329 3251 1422 3367 quis
1444 3249 1691 3340 inficiabitur
1715 3265 1738 3340 ἒ
1775 3254 1878 3362 Qa

595 3354 687 3440 sane
712 3357 866 3444 virtute
889 3361 936 3445 &
957 3361 1099 3456 radix,
1128 3383 1200 3450 aut
1217 3358 1334 3474 ipsius
1360 3383 1510 3450 cortex
1538 3365 1617 3470 (de
1638 3367 1753 3478 cujus
1778 3363 1879 3448 utre

597 3466 696 3556 culis
723 3465 868 3556 stillant
889 3477 1071 3598 gummi)
1095 3473 1146 3558 ad
1161 3477 1304 3565 eadem
1313 3470 1600 3603 malafortall‘e
1611 3498 1739 3602 erunt
1751 3472 1878 3572 utilia,

595 3587 922 3781 exrrsrnb‘
944 3585 1251 3817 salitam
1274 3585 1880 3795 {salamanna

598 3803 661 3910 lus
683 3805 858 3914 capitula
880 3833 958 4002 per
982 3837 1121 3896 ramos
1147 3811 1298 3925 sparsa,
1319 3810 1459 3934 calyce
1482 3811 1675 3943 oblongo
1698 3809 1879 3896 forman-

598 3931 687 4006 tur.
703 3940 749 3996 ac
779 3915 877 4002 tubu
895 3942 986 4016 ato,
1008 3921 1312 4042 aequalibusqne
1338 3925 1514 4045 squamis
1544 3923 1802 4042 composito,
1826 3920 1880 4006 ad

599 4028 716 4132 cujus
747 4051 939 4116 exortum
966 4032 1052 4120 aliae
1093 4035 1324 4126 brevissimae
1353 4037 1547 4156 apposrtae
1585 4065 1652 4123 eas
1680 4035 1883 4122 firmant.

599 4139 710 4259 Intus
739 4135 856 4228 fl⁰s⁰³
880 4146 1158 4260 ¹1¹⁰¹¹0P0121l2
1187 4145 1398 4267 lingulati,
1428 4177 1608 4265 qnorum
1638 4145 1785 4263 petala,
1811 4171 1883 4232 va-

599 4269 741 4360 gmae³
774 4249 988 4374 bisadaeque
1015 4259 1123 4352 tubae
1149 4261 1481 4386 purpurascunt3
1508 4259 1679 4381 subsunt
1704 4253 1885 4361 floribus¹

963 4432 966 4440 ·
1745 4393 1834 4464 em*
