4168 5418
389 398 406 406 ,.
494 275 781 400 LIBER
833 283 1227 404 Pnle&
1377 325 1432 413 53

253 396 357 506 erasi¹
408 397 561 523 uinque
582 397 733 500 crassa,
763 403 808 484 in
831 402 977 492 orbem
1001 404 1206 521 disp‘ofita,
1234 405 1392 510 albida,
1414 415 1506 506 nni⁴

287 426 441 606 suffissra
462 514 601 632 calyce
609 546 623 620 ;
654 511 816 600 idcirco
841 519 1019 604 exterius
1042 517 1499 614 inuitisfibrr'liarumvi.

164 657 168 664 ·
221 629 372 718 sidium
391 627 585 716 fasciculis
598 627 734 714 striata
751 623 864 714 sunt.
890 631 1002 727 Haec,
1014 632 1217 718 crescente
1229 629 1389 733 fructu,
1412 664 1504 724 non

222 741 442 858 decidunt,
469 738 537 826 sed
558 738 630 826 diu
653 762 894 850 permanent
911 775 927 840 ,·
949 741 1175 853 spoliantur
1195 768 1332 832 tamen
1350 746 1497 854 colore

222 852 340 948 albo,
367 849 559 940 &rubra
584 850 788 948 evadunt,
817 853 1031 942 novissime
1085 853 1304 945 allescunt.
1331 860 1496 945 Deinde

218 963 361 1078 petalis
384 965 577 1079 proxima
597 958 770 1076 plurima
794 960 1019 1080 sequuntur
1042 881 1115 1051 ssali
1126 969 1214 1065 ola,
1244 959 1501 1079 tubisormia,

219 1081 264 1169 in
286 1077 545 1162 extremitate
564 1071 673 1160 lutea
698 1076 853 1184 apertis
870 1071 1072 1176 floribus,
1103 1082 1214 1189 prius
1238 1101 1375 1166 autem
1401 1085 1502 1168 viri.

218 1190 312 1276 dia.
340 1192 386 1272 In
405 1187 469 1272 his
495 1184 636 1306 liquor
656 1185 788 1271 dulcis
809 1181 1051 1286 asservatur;
1079 1188 1170 1275 sunt
1192 1193 1304 1276 enim
1330 1194 1500 1277 diverti-

219 1297 314 1390 cula
332 1297 523 1413 quadam
539 1325 634 1382 rece
667 1293 812 1392 taculi,
838 1295 1058 1384 humorem
1076 1300 1345 1416 excipientis,
1374 1329 1503 1418 quern

221 1412 396 1527 embryo
417 1407 554 1496 adhuc
574 1433 604 1519 p
646 1406 735 1494 risus
749 1408 964 1492 continere
988 1411 1156 1525 nequit.
1186 1415 1266 1496 Hic
1280 1413 1504 1503 autemhna

222 1550 318 1610 mor
339 1519 533 1633 paulatim
553 1517 604 1602 ad
624 1513 931 1630 receptaculum
953 1517 1103 1605 deinde
1128 1521 1292 1608 tranfit.
1317 1524 1500 1652 Embryo

221 1657 357 1748 porro
381 1632 618 1716 interiorem
637 1628 684 1714 δὲ
702 1628 881 1714 mediam
902 1623 1023 1714 floris
1077 1655 1208 1720 artem
1229 1657 1366 1733 tenet,
1395 1634 1501 1724 mul-

221 1746 271 1832 tis
292 1741 521 1830 staminibus
549 1769 571 1826 a
603 1738 686 1827 ices
706 1739 841 1827 luteos
864 1657 1122 1830 efferentisus
1148 1747 1313 1860 stipatus
1336 1747 1421 1834 abit
1447 1751 1501 1847 in

221 1849 399 1980 frustum
420 1879 487 1979 ex·
506 1765 639 1942 mustis
674 1851 834 1971 vaginis
866 1851 1190 1944 membranaceis
1223 1857 1501 1974 compostum

221 1963 599 2078 uincapsulanbus,
627 1991 720 2083 quae
741 1963 906 2080 singulae
932 1965 999 2056 sua
1030 1965 1127 2060 tuba
1162 1967 1416 2062 instruuntur
1443 1971 1501 2059 se.

219 2079 329 2170 mine
354 2075 467 2164 stata
488 2074 770 2163 subrutundo.

223 2259 234 2290 ;
275 2185 580 2302 Perpendamus
601 2185 782 2273 secundo
806 2185 908 2277 loco
1419 2279 1421 2286 ,

279 2302 578 2411 Helleboraiden
602 2300 807 2408 hyemalem
849 2305 898 2386 H.
928 2303 974 2386 L.
998 2321 1085 2390 Bar.
1113 2308 1195 2392 lad.
1235 2311 1315 2389 Alt.
1341 2323 1425 2390 Par.
1467 2339 1501 2392 1.

229 2490 235 2502 .
333 2443 425 2526 ²97·
453 2413 697 2498 Hellebmm
721 2423 894 2527 aegrum,
925 2416 1165 2528 tuberostm,
1212 2425 1422 2502 Renuncali
1436 2422 1504 2534 fo-

229 2573 234 2591 ·
332 2531 412 2622 lia,
428 2527 528 2640 flore
559 2527 661 2608 luteo
689 2521 890 2612 Toutnes
919 2527 1002 2636 Inst.
1031 2533 1083 2620 R„
1107 2528 1223 2614 Herb.
1252 2542 1343 2642 272.
1371 2540 1503 2616 Aeoni-

334 2663 418 2722 enm
443 2634 671 2758 unifolium,
700 2639 866 2734 luteum,
894 2636 1086 2750 barbastam
1112 2649 1163 2730 C.
1191 2643 1233 2724 B.
1262 2653 1345 2726 Pin.
1380 2639 1472 2752 183.

275 2745 430 2866 Calyce
471 2745 727 2833 instruuntur
765 2745 886 2854 hujus
925 2747 1050 2832 flores
1079 2752 1128 2840 &
1154 2751 1326 2942 quidem
1352 2775 1502 2836 mono-

222 2855 491 2978 phyr10,qui
520 2856 564 2941 in
593 2853 729 2968 plnres
758 2875 896 2970 partes
928 2853 1134 2966 profunde
1177 2861 1405 2958 ecatur,ad
1425 2861 1504 2946 ho-

224 2975 433 3062 rizontem
460 2965 704 3061 inclinatas,
744 2993 838 3083 quae
866 2965 999 3054 rursus
1032 2971 1076 3054 in
1104 2969 1198 3058 alias
1228 2971 1503 3060 dividuntur.

222 3081 374 3174 Flores‘
393 3078 644 3197 pentapetali
673 3073 795 3173 sunt,
834 3074 934 3165 lutei
973 3108 1066 3169 cum
1105 3082 1388 3198 appendiculis
1429 3082 1503 3172 iliis

224 3189 512 3284 tubisormibus
548 3185 814 3305 ‚luteisque‚
854 3185 994 3304 quales
1032 3195 1075 3277 in
1101 3197 1300 3281 Helleboro
1336 3193 1505 3288 ostensu

209 3309 315 3396 sunt
343 3372 353 3393 .
379 3313 426 3392 In
452 3305 515 3392 his
542 3303 696 3392 humor
723 3294 853 3390 dulcis
889 3305 1150 3393 continetur.
1180 3301 1277 3391 Pars
1305 3309 1417 3392 floris
1445 3309 1505 3390 in·
1598 3318 1600 3324 ’

230 3417 361 3502 terior
389 3413 523 3502 multis
550 3409 787 3500 staminibus
816 3416 954 3528 apices
984 3413 1117 3501 luteos
1138 3413 1360 3501 ferentibus
1384 3413 1505 3527 stipa*
1597 3451 1601 3458 ·

231 3555 275 3615 ta
302 3527 443 3638 crescit
481 3526 524 3607 in
553 3520 830 3643 quatuorvel
857 3525 1045 3642 quinque
1072 3522 1268 3644 siliquas,
1309 3521 1414 3624 tubis
1443 3529 1506 3610 in.

229 3639 432 3842 {i'trustgtcsl
458 3633 787 3829 unitlzapsuiar'es‚¹
815 3637 918 3752 quae'
935 3636 1086 3728 semina
1113 3633 1263 3762 fovent
1289 3634 1505 3726 subrutum

261 3787 311 3852 a,
433 3768 532 3833 uteo
549 3777 591 3832 a.
715 3819 720 3834 .
766 3789 770 3798 ·
1122 3781 1125 3786 ’
1195 3768 1200 3787 ’

288 3865 422 3982 Magis
453 3881 592 3946 autem
618 3861 757 3947 mirari
784 3856 890 3948 subit
915 3861 960 3945 in
987 3873 1170 3962 Acontftis,
1198 3860 1418 3982 inquibus
1445 3858 1507 3946 so-

229 3979 379 4066 lertior
407 3994 561 4061 naturae
601 3998 699 4058 cura
727 3972 837 4060 circa
864 3969 937 4058 has
978 3997 1111 4086 partes
1140 3981 1342 4092 apparet.
1373 3977 1505 4086 Hujus

230 4115 370 4192 antem
396 4089 455 4174 rei
482 4081 714 4198 exunplnm
739 4082 936 4190 sumamus
966 4087 1009 4172 in
1497 4137 1506 4148 -

287 4211 443 4298 Acoaito
469 4203 676 4312 lycotlono,
704 4201 805 4282 lurco
832 4203 882 4286 Ο.
909 4199 950 4284 Β.
977 4210 1058 4287 Pin.
1091 4199 1140 4284 1¹8
1143 4233 1162 4311 3
1187 4259 1199 4297 ,
1228 4196 1276 4282 &
1302 4186 1503 4282 Toumefi

240 4343 252 4400 ζ
341 4317 425 4434 last.
452 4315 502 4430 Κ
525 4309 748 4432 Hermam.
773 4320 926 4428 monito
948 4314 1049 4512 fifio
1076 4317 1249 4429 Platani,
1257 4307 1357 4422 flore
1384 4308 1507 4505 sim
1653 4307 1656 4316 ’

290 4477 295 4484 ’
1090 4456 1111 4542 3
1200 4467 1206 4478 “
1334 4443 1383 4536 ss
1399 4449 1454 4538 ,ἐή
