4168 5418
193 423 271 500 aut
297 395 456 522 ingredi
484 417 555 488 aut
581 392 727 520 egredi
757 273 925 507 potes}
953 398 1062 486 Hinc
1082 401 1233 519 itaque
1261 317 1488 518 patet3cur

200 512 334 610 evulsa
355 513 452 598 tuba
472 509 554 596 sine
575 529 811 596 maturitate
835 509 1098 600 contabescat
1127 509 1318 620 frub'tus}
1350 519 1491 607 nullut

199 620 686 738 enimampliuspartibus
711 622 957 720 contraitis,
981 623 1292 744 aerisingresliis
1322 625 1390 725 fit,
1419 657 1490 718 cu-

201 753 265 858 jus
293 763 380 850 ope
407 732 563 819 seiriinis
596 749 732 844 partes
760 731 957 848 explicari
986 737 1136 847 possint
1157 803 1166 821 .
1189 738 1340 827 Evenit
1365 741 1490 832 etiam

196 855 482 963 sapenumero
510 864 567 964 ut⁴
588 837 780 928 tubarum
807 845 1043 932 extremitas
1071 845 1141 936 vel
1159 847 1348 966 maligno
1377 880 1490 950 rore,

199 961 271 1056 vel
300 958 526 1064 nocturno
542 957 701 1070 lrigore
729 976 837 1051 ,aut
863 957 1057 1070 pruinis,
1098 985 1192 1076 quae
1227 963 1365 1074 primo
1393 992 1493 1052 vere

196 1071 430 1189 ‚aliquando
459 1070 739 1183 contingunt,
779 1068 836 1152 ita
865 1069 1085 1166 afficiatur,
1116 1092 1182 1166 ut,
1211 1075 1415 1156 contortis
1444 1074 1492 1161 fi.

193 1185 362 1280 ‚brillis‚
390 1177 607 1269 claudatur
634 1175 859 1266 foramen.
899 1181 1022 1264 Tune
1060 1182 1202 1301 itaque
1241 1179 1380 1266 tenelli
1410 1211 1493 1268 errr-

106 1339 111 1346 »
194 1303 380 1418 ,ὶπγοηεε
409 1291 548 1406 acerbi
576 1288 858 1408 decidunt,&
882 1314 978 1400 pars
1007 1319 1160 1410 magna
1183 1290 1396 1381 vindemiae
1418 1321 1491 1409 pe.

196 1419 279 1506 rit,
301 1400 540 1522 inutilesque
567 1403 726 1519 segetes
753 1421 985 1487 metuntur.
1013 1403 1376 1530 Qapropterme
1394 1401 1491 1494 'hoe

192 1549 287 1610 eam
314 1515 464 1604 crebro
491 1518 792 1629 contingeret,
822 1510 1034 1598 craffiores
1063 1541 1108 1598 m
1136 1517 1397 1603 extremitate
1427 1541 1492 1610 tu.

197 1637 279 1725 bos
307 1621 516 1714 fabrefecit
546 1644 715 1721 natura,
728 1617 912 1736 plurimis
943 1623 1128 1714 utriculis
1155 1624 1331 1715 refinato
1363 1625 1490 1718 succo

198 1742 378 1836 refertis,
393 1763 486 1851 quo
513 1731 681 1854 frigoris
709 1737 771 1824 vis
800 1736 1095 1828 retunderetur
1111 1737 1461 1855 ,circumpositis.

252 1860 348 1940 Hoc
378 1871 516 1936 autem
542 1860 714 1938 munere
743 1844 859 1936 tubas
874 1861 1024 1972 proprie
1048 1857 1170 1938 diuis
1190 1854 1408 1974 einbryoni
1430 1857 1493 1942 in.

198 1969 349 2058 servire
376 1989 467 2046 non
495 1956 750 2051 inverisimile
776 1957 1018 2046 crediderim
1053 1990 1064 2048 :
1097 1963 1322 2080 flosculosas
1349 1991 1490 2065 vero,

226 2077 402 2168 'uoniam
441 2071 582 2186 petalis
611 2133 623 2170 ,
660 2071 707 2155 δι
734 2076 836 2182 saepe
862 2072 987 2162 etiarn
1014 2073 1198 2187 apicibus
1226 2075 1489 2188 privantur,

190 2109 363 2309 qliquid
400 2183 571 2298 amplius
608 2179 796 2298 prestare
831 2205 912 2376 per
940 2185 1200 2296 conjesturas
1240 2185 1450 2305 attigimus
1480 2237 1490 2273 l

195 2311 313 2394 Cum
340 2299 451 2385 eiiiin
477 2297 665 2386 viderem
702 2292 827 2380 floscu
845 2293 929 2382 osas
961 2296 1076 2384 tubas
1105 2298 1150 2382 in
1178 2295 1314 2412 plures
1345 2295 1492 2385 ramus-

1514 2357 1592 2434 vrr,
1605 2359 1690 2446 nir,

201 2417 320 2508 culos
349 2397 583 2524 explicari,
611 2405 732 2524 quod
763 2405 805 2488 in
835 2403 912 2493 illis
934 2407 1128 2507 floribus,
1155 2435 1229 2528 qui
1281 2411 1394 2497 etalis
1416 2410 1492 2496 doss
1513 2439 1668 2514 nomn,

200 2549 395 2621 riantur,
431 2545 533 2604 1¹0⁰·
551 2516 834 2617 occurrebat,
866 2521 909 2602 in
936 2518 1171 2634 hujusmodi
1201 2434 1397 2610 tubarum
1424 2547 1496 2640 pa-

202 2639 374 2733 rietibus
403 2631 597 2729 succum,
625 2629 755 2747 qualis
772 2631 829 2714 in
858 2629 1042 2746 expenso
1072 2634 1235 2745 petalo,
1259 2627 1417 2751 subigi,
1446 2633 1496 2723 δι

197 2755 260 2844 ad
286 2745 466 2836 fruetum
493 2739 868 2864 deferricconjeci.
908 2747 1058 2862 quue
1085 2746 1248 2864 inagis,
1279 2767 1325 2830 ut
1352 2743 1496 2840 floscu-

204 2865 297 2953 losis
337 2856 451 2946 tubis
480 2855 566 2940 hoc
605 2875 732 2938 etiam
760 2877 908 2939 munus
945 2854 1251 2950 attribuerem,
1295 2856 1494 2950 eddustus

198 2979 328 3074 sum,
367 2970 569 3088 quoniam
607 2964 679 3050 lias
707 2961 824 3049 tubas
856 2986 903 3051 ut
942 2963 1178 3160 petaloruin
1203 2987 1350 3054 natura
1376 2962 1457 3054 fert
1480 3027 1492 3066 ‚

204 3084 420 3182 coloribus
447 3078 606 3194 semper
643 3070 816 3271 infignes
844 3073 939 3164 vide
970 3101 1074 3174 ain,
1114 3076 1162 3162 dt
1186 3079 1309 3163 etiam
1338 3078 1497 3192 petalo»

207 3232 301 3291 ium
318 3221 438 3284 more
459 3187 667 3279 coloribus
688 3193 911 3304 aiquaiido
931 3189 1101 3274 variari.-
1129 3193 1258 3288 Nam,
1285 3214 1332 3279 ut
1359 3221 1496 3282 exem·

208 3313 284 3436 plo
314 3310 458 3426 aliquo
486 3327 617 3399 utar,
655 3325 751 3385 cum
777 3303 1000 3497 Pimpp'nella
1018 3301 1301 3416 sanguisorba,
1341 3313 1496 3398 minor,

85 3425 87 3430 ¹
210 3423 362 3532 hirfiita
390 3423 440 3499 C.
458 3422 507 3500 B.
533 3428 614 3498 Pin.
632 3418 751 3507 160„
779 3411 826 3497 &
897 3409 1055 3498 ottrnef.
1086 3415 1226 3520 inst-R.
1254 3413 1368 3496 Herb.
1407 3415 1495 3518 156.

209 3527 442 3625 flosculosar
471 3527 586 3614 tubas
617 3519 740 3620 serat,
767 3523 897 3612 rubro
917 3517 1063 3609 colore
1085 3523 1279 3618 donatas,
1302 3544 1386 3640 ego
1406 3546 1498 3611 eain

210 3659 225 3736 i
261 3648 342 3735 sam
364 3637 562 3727 candidas
591 3633 706 3723 tubas
732 3637 974 3754 gignentem
1001 3631 1217 3723 observavi
1245 3699 1257 3734 ,
1298 3661 1425 3763 quam
1453 3635 1498 3718 iii

212 3679 364 3850 dorio
395 3750 527 3848 colo,
557 3748 603 3832 δι
634 3749 889 3838 auditoribus
929 3749 1029 3835 meis
1057 3771 1169 3832 anno
1204 3776 1397 3865 proxime
1417 3743 1498 3833 ela-

213 3873 293 3992 pso
321 3869 492 3954 iioi'nine
520 3865 754 3976 Pimpr'nelle
772 3863 1020 3978 finguistirbae
1048 3923 1060 3959 ,
1088 3871 1279 3960 minoris,
1306 3859 1494 3973 husten,

201 3989 314 4110 flore
344 3984 503 4068 candido
531 3971 693 4061 ostendi
714 4038 723 4057 .
750 3981 860 4083 Quae
881 3969 1101 4062 flosculosae
1122 3976 1229 4064 tubae
1249 3995 1395 4061 natura
1417 3969 1498 4059 cla-

212 4101 360 4186 till'inie
387 4096 431 4178 in
457 4093 585 4184 Iride,
614 4087 658 4170 m
685 4095 987 4218 Hermodaclylo,
1018 4088 1063 4171 iii
1080 4089 1209 4202 xiphio
1229 4107 1425 4281 :ppparen
1454 4086 1498 4165 iii

214 4213 366 4332 quibus
395 4209 580 4292 internus
611 4199 716 4288 uteri
745 4201 875 4314 paries
895 4229 939 4286 iii
950 4192 1139 4326 triafolia
1160 4211 1239 4314 pro
1271 4199 1406 4284 ucitur
1427 4220 1500 4279 co-

214 4323 376 4422 lorata,
415 4321 637 4436 interque
661 4334 781 4432 petet
807 4311 858 4404 ad
893 4338 1057 4406 uterum
1092 4335 1199 4402 vie.
1233 4313 1333 4432 llaec
1357 4314 1499 4510 ᾗιιςεῑή

277 4483 283 4490 -
1109 4481 1110 4486 a
1391 4443 1444 4506 rr..
