1042 1354
275 80 301 100 ta
316 71 361 98 effe
377 70 456 106 potest
477 69 593 104 hybernis
609 69 864 97 mmifibusssotanici
881 80 923 99 oc-

275 106 377 139 cupatio
388 123 396 134 ,
412 104 502 137 quibus
518 111 604 129 omnes
620 102 669 129 fere
685 103 726 129 stit
744 111 768 129 es
780 121 788 133 ,
804 103 921 136 floribus,

275 137 438 171 frufflbusque
454 137 518 164 intra
535 139 646 170 ge'nimas
662 136 725 162 invo
735 136 797 166 ntis,
815 137 924 164 inhono-

275 180 309 198 rae
325 168 419 204 jacent?
436 169 506 202 Quid
519 166 612 202 igitur?
630 168 746 195 Censesne
758 178 811 199 me,
823 178 882 197 cum
895 172 924 197 li-

278 211 332 232 oeat
348 203 392 230 e'fl'e
409 202 533 233 odosum',
551 202 605 228 otio
621 202 747 235 indulgere
762 200 858 234 ?-Male
874 212 925 232 cre-

278 234 362 264 aecem
379 236 409 263 de
424 243 452 262 te·
465 235 570 265 mereri,
586 235 610 261 fi.
620 241 648 262 tu
659 254 667 265 ,
683 243 759 269 quem
776 236 841 261 mihi
857 236 889 263 ad
905 239 925 263 i-

278 269 430 299 mitandum,
452 277 569 298 ‘uantum
580 276 636 294 mea
652 268 736 300 sineret
752 269 925 300 mediocritas,

277 297 415 337 proposui,
460 310 510 330 um.
520 301 675 330 intenfiffima
687 322 689 327 ,
699 308 757 330 cura
768 310 827 331 suo,
841 303 923 329 Pinaci

279 344 352 363 vacas
363 354 371 366 ‚
387 344 434 369 ego
450 335 504 361 otio
520 335 640 368 hyemem
656 335 757 361 terendo
774 343 879 361 vacuam
894 345 925 362 ae-

280 376 357 395 tatem
374 377 472 402 agerem
485 387 492 394 .
509 368 606 401 Quare,
623 367 688 393 mihi
705 367 789 398 crede,
805 369 877 402 gravi
890 369 925 395 su<

281 401 417 435 sceptarum
433 409 517 427 rerum
533 409 608 426 onere
624 400 717 434 semper
734 409 847 434 premor,
864 404 891 428 &
905 402 925 427 i-

281 442 307 460 ta
323 434 382 460 vitae
398 433 519 462 rationem
532 433 628 462 'institui
640 452 648 464 ,
671 439 700 460 ut
716 433 807 469 semp-er
848 442 925 460 reme-

281 475 332 493 xet.
349 467 370 492 A
388 467 471 500 primo
488 475 544 493 vere
561 466 635 500 usque
651 466 682 493 ad
698 467 815 493 brumam
841 468 924 493 abora-

282 508 339 526 mus
365 500 535 538 qua-publicis
551 499 693 526 muneribus
704 518 712 530 ,
736 508 786 532 qua
802 500 926 526 Botanicis

238 533 241 536 '
282 533 526 591 ffiregrinano'nibus‘
536 532 618 561 affidue
873 533 927 567 Hy-

299 574 359 592 *mo
376 573 459 592 autem
475 573 586 598 tempore
608 566 617 591 i
859 573 874 592 n
895 567 927 592 la-

282 599 329 624 bor
334 615 342 627 ,
360 598 400 625 sed
416 607 468 624 non
484 598 617 624 remittitur
861 607 928 631 pere-

301 631 406 657 rinando
424 639 595 664 comparatum
612 640 618 657 ‹
859 640 866 656 ι
881 640 928 657 no-

315 672 390 690 orum
407 664 507 690 meffem
523 664 618 691 evolvit
863 682 871 694 ,
888 672 928 690 or·
964 667 966 669 '

283 696 414 727 dinamus,
431 705 459 723 ut
474 697 533 724 hinc
545 701 625 724 caeteri
640 701 769 727 mortales,
781 701 870 730 quibus
883 705 927 730 po-

282 729 401 756 tiffimum
418 730 542 760 vivimus,
551 733 575 756 δι
588 731 599 766 (
605 730 623 756 fi
636 739 734 757 tantum
745 730 835 764 sperare
841 728 927 762 liceat)

283 763 361 789 etiam
377 761 458 791 fututa
477 762 553 789 secula
569 762 676 792 frua-‘lum
693 763 800 796 aliquem
816 763 927 797 percipe-

283 803 309 821 re
342 795 429 822 offint.
452 796 516 830 Illud
538 796 613 822 etiam
630 795 741 830 accedit,
763 796 831 829 quod
855 796 886 822 ad
902 804 926 822 te

284 827 328 855 scri
346 837 385 854 ere
401 837 452 854 non
469 829 574 855 verebor
585 848 594 859 ‚
618 836 678 855 nam
694 829 792 862 epistola
808 837 859 854 non
875 837 929 855 eru-

283 860 358 887 bescit
370 878 378 891 ‚
394 862 534 890 incredibili
551 862 660 896 quodam
685 862 801 888 defiderio
818 870 859 889 me
876 869 929 888 tan-

284 893 309 926 gi
320 912 327 923 ,
346 901 374 919 ut
390 895 494 928 alicujus
507 895 638 928 diligentiae
655 894 755 921 laudem
771 895 835 928 apud
852 895 929 928 poste-

284 935 325 951 ros
348 927 517 954 consecuturus
541 929 643 954 videar.
665 927 723 954 Hoc
739 936 780 954 me
803 928 929 954 confistere

285 960 931 1028 ffissscffiffss‘ffg’xasssssrffissp‘ssffssuhfflffi‘grssffi

251 1023 255 1028 ’
284 1000 424 1063 grupen&
440 1027 535 1055 viribus
552 1027 639 1059 altiora
648 1027 765 1060 animum
779 1027 885 1063 adjicio,
898 1026 932 1054 ad.

840 1068 897 1094 quae
