4130 5424
683 309 741 396 34
843 253 1599 400 ,Dltsbttrilt'lo

501 443 504 450 ·
612 427 677 491 tes
707 431 730 486 a
758 395 818 484 cal
848 421 896 481 ce
917 391 1193 482 internoscere
1212 387 1426 481 discamus.
1454 398 1552 502 Qua
1577 385 1751 507 quidem
1769 385 1812 476 in
1832 419 1881 482 re

612 504 767 602 Clariis
794 417 1114 595 lyournefortius
1143 505 1194 592 ab
1222 533 1292 602 ea,
1320 529 1406 620 qua
1435 507 1494 589 uti
1520 502 1633 598 solet,
1661 505 1880 618 perspicui.

608 620 943 738 tateplurimtun
969 609 1160 716 deflexit,
1189 643 1284 704 cuin
1311 612 1513 732 petalum,
1540 611 1569 698 st
1596 608 1774 707 fmstum
1802 617 1878 705 ob·

607 755 753 852 tegat,
780 755 869 819 non
897 725 1097 848 petalmn,
1123 726 1191 816 scd
1218 726 1283 816 cal
1335 754 1402 814 em
1429 724 1506 814 ell'e
1534 726 1737 840 posuerit.
1764 729 1875 816 Hinc

609 847 785 962 plurima
812 843 1045 960 plantarum
1072 866 1226 966 genera
1254 867 1282 924 o
1340 839 1452 929 hanc
1489 839 1774 926 conditionem
1805 867 1876 953 pc-

606 958 700 1044 talis
728 982 867 1046 carere
895 951 1138 1042 constituit.
1175 953 1308 1064 Qtod
1348 953 1412 1056 (st
1449 952 1547 1039 licet
1583 949 1677 1066 post
1713 973 1873 1041 tantum

607 1071 755 1157 Virmn
773 1091 906 1156 ineam
925 1063 1189 1178 interponere
1210 1065 1476 1174 sententiam)
1505 1065 1637 1150 minus
1657 1063 1769 1150 secie
1792 1091 1872 1177 po-

601 1177 722 1268 suum
741 1175 1010 1279 crediderim3
1042 1198 1187 1266 natura
1205 1178 1317 1262 enim
1336 1203 1413 1293 per
1441 1177 1615 1262 eandem
1644 1196 1802 1286 partem
1823 1175 1871 1262 dc

601 1287 766 1410 calycis,
794 1288 843 1380 8<
868 1284 994 1401 petali
1022 1312 1167 1378 munus
1196 1287 1377 1402 praestari:
1409 1285 1561 1376 librillis
1590 1288 1868 1388 tenuioribus,

603 1399 898 1516 diophanisque
924 1397 1086 1490 succum
1114 1400 1329 1526 embryoni
1355 1400 1536 1522 subigit,
1565 1397 1685 1522 quod
1714 1396 1772 1483 cst
1798 1425 1867 1511 pe.

600 1511 675 1606 tali
704 1515 919 1613 officium3
959 1515 1221 1604 tenerrimam
1256 1537 1393 1598 autem
1430 1509 1553 1620 petali
1595 1536 1866 1624 compagem,

604 1623 796 1740 appositis
824 1620 969 1738 ligneis
997 1620 1172 1720 fibrillis,
1199 1623 1393 1726 duravit3
1424 1622 1473 1706 δι
1499 1623 1580 1707 hac
1602 1621 1771 1708 'ratione
1801 1649 1869 1736 pe.

590 1734 827 1936 ,talurpffsuo
854 1759 1022 1820 munere
1047 1725 1234 1836 lunbtum
1261 1731 1371 1828 aliud
1398 1757 1547 1856 nempe
1574 1729 1724 1826 calvcis
1764 1731 1867 1822 subi-

600 1874 647 1935 te
735 1871 796 1941 it,
1257 1885 1261 1894 ·
1682 1885 1684 1890 ·

449 1947 561 2090 TVide
667 1875 950 2079 lieceptaculo
979 2018 992 2056 ,
1030 1981 1077 2046 ut
1102 1956 1191 2044 dixi
1220 2019 1234 2057 ,
1271 1957 1319 2050 δε
1348 1956 1528 2073 petalum
1554 1955 1777 2081 infigitur,
1815 1954 1866 2042 δε

485 2030 570 2107 ω’
609 2069 674 2165 hae
714 2069 941 2162 columellae
969 2096 1062 2187 quae
1076 2075 1242 2184 stamina
1268 2070 1493 2159 dicuntur.
1529 2066 1775 2155 Statmnibus
1804 2066 1865 2150 in-

594 2181 724 2270 sident
751 2196 869 2301 apices
897 2181 991 2287 (ita
1017 2183 1107 2273 haec
1127 2211 1203 2270 cor
1235 2180 1369 2277 uscula
1397 2187 1589 2297 vocant)
1612 2203 1803 2298 quorum
1821 2206 1863 2266 n-

603 2294 663 2388 sus
692 2293 772 2384 hac
792 2315 917 2380 aetate
940 2319 1096 2408 magno
1126 2293 1184 2382 do
1231 2296 1451 2382 iffimomm
1478 2295 1665 2382 virorum
1693 2290 1862 2382 consen-

590 2403 642 2491 ·su
682 2404 912 2494 celebratur
947 2466 956 2486 .
993 2405 1156 2495 Etenim
1194 2407 1421 2528 posteritati
1447 2402 1687 2494 mandatum
1711 2431 1737 2490 a
1765 2402 1860 2492 viris

600 2510 854 2611 celeberrimi
882 2512 1069 2633 alioquin
1097 2517 1275 2602 nominis
1303 2517 1501 2610 habemus
1531 2577 1544 2614 ‚
1583 2515 1667 2606 has·
1683 2517 1860 2629 porticu-

592 2619 671 2710 las
695 2628 933 2713 tenniffimat
962 2623 1144 2738 apicibus
1182 2627 1424 2718 inhaerentes
1453 2654 1529 2743 per
1557 2623 1691 2716 oscula
1719 2617 1856 2740 pistilli

592 2738 640 2830 ln
658 2741 777 2826 *uteri
789 2801 800 2844 ,
821 2737 899 2830 sive
921 2731 1081 2834 fructus
1118 2742 1337 2834 cavitatem
1362 2737 1514 2833 deferri
1534 2799 1549 2834 ,,
1574 2740 1653 2838 &‚
1675 2768 1767 2856 „qua
1794 2766 1859 2822 raa

588 2852 715 2947 ⁴tione
739 2854 780 2935 in
800 2851 1071 2948 anintantibus
1092 2853 1330 2970 contingit,
1354 2851 1489 2942 semen
1511 2854 1673 2941 afficere
1695 2918 1704 2944 .
1727 2851 1853 2949 Hinc,

590 2991 669 3048 cnr
696 2961 881 3074 stirpium
909 2962 994 3047 aliae
1022 2960 1174 3056 steriles
1204 2963 1281 3054 sint
1309 3027 1321 3062 ‚
1349 2961 1551 3054 foecundae
1580 2963 1666 3052 aliae
1697 3027 1709 3062 ,
1738 2964 1856 3048 inter-

587 3092 810 3184 pretantur
844 3099 855 3170 ;
894 3097 962 3156 eas
989 3069 1065 3162 effe
1093 3071 1264 3178 steriles,
1303 3102 1397 3195 quae
1425 3073 1614 3173 stamina,
1644 3073 1855 3192 &apices

581 3203 755 3280 tantum
779 3179 1023 3296 producunt
1047 3245 1059 3282 ‚
1087 3184 1134 3270 &
1160 3186 1351 3280 masculas
1379 3184 1455 3278 etse
1489 3186 1683 3272 dicendas
1716 3224 1732 3290 ‚·
1793 3214 1856 3274 uae

581 3311 697 3385 ‘vero
720 3293 879 3391 duetus
907 3292 990 3382 fine
1026 3297 1209 3408 apicibus
1237 3296 1377 3390 ferunt
1406 3361 1420 3396 ,
1447 3327 1473 3384 a
1498 3296 1681 3390 masculae
1708 3213 1855 3418 pulvii

576 3404 690 3506 culo
718 3405 986 3522 foecundari5
1016 3405 1169 3532 basque
1198 3405 1394 3505 formellas
1423 3437 1563 3504 nuncu
1594 3433 1692 3502 ant.
1719 3416 1854 3528 Repe-

579 3541 684 3612 ·tunt
704 3519 852 3610 deinde
882 3518 966 3611 illas
988 3521 1207 3635 priscarum
1230 3532 1415 3615 centium
1434 3520 1487 3610 de
1509 3438 1650 3614 tubanis
1669 3524 1852 3613 traditio-

572 3655 692 3732 nes,
721 3630 870 3748 quibus
898 3627 976 3714 alia
1001 3630 1174 3746 plurima
1195 3591 1427 3754 adiiciunt,
1455 3634 1518 3720 liis
1540 3657 1675 3727 totam
1695 3637 1754 3722 rei
1773 3640 1851 3719 Bo-

571 3743 965 3862 coniectationem
995 3750 1387 3839 accommodantes.
1414 3749 1563 3868 quue
1595 3747 1718 3834 ammi
1749 3745 1852 3832 inci-

590 3871 774 3938 tamento
800 3853 908 3939 hanc
932 3858 1179 3967 opinionem
1198 3859 1438 3957 sectantur,
1467 3883 1513 3952 ut
1534 3887 1612 3944 nos
1642 3859 1690 3947 &
1710 3853 1849 3944 Philo-

569 3962 721 4079 ·sophi‚
740 3965 786 4064 ὃς
802 3966 990 4052 Botanici
1010 3965 1087 4056 ell‘e
1105 3970 1445 4086 judicaverimus,
1461 3969 1608 4176 palam
1629 3995 1772 4058 omnes
1793 3969 1847 4056 de

583 4075 667 4176 'hac
694 4105 742 4166 re
762 4079 1149 4170 commonefacere.
1178 4086 1310 4192 Quod
1337 4079 1458 4198 profe
1504 4113 1532 4169 o
1561 4079 1784 4198 praestnttui
1805 4109 1847 4166 o-

567 4217 754 4288 ·tamus,
783 4218 878 4280 etun
902 4195 1296 4284 AUGUSTISSIMI
1317 4199 1577 4282 SENATUS
1605 4193 1780 4284 decretis
1800 4189 1846 4278 il·

568 4296 632 4402 lis
658 4303 748 4392 haec
775 4327 1022 4418 prevertere
1042 4306 1180 4396 snmus
1196 4308 1365 4397 cnaei.
1392 4309 1692 4426 Nequetamen
1719 4309 1845 4396 inter-

1681 4471 1685 4482 ·
1738 4443 1788 4504 ea
