4144 5412
377 253 588 352 LIBE
646 297 648 299 ·
718 253 1243 360 sewun-vs,
1312 299 1327 355 ι

178 380 312 481 mrbus
349 375 573 464 nutriendis
613 257 754 462 ²ibinus
794 397 908 487 aptas
938 374 1106 465 frondes
1139 303 1463 494 producatvco,

174 497 265 582 loni
287 494 361 612 qui
380 489 563 578 sobolem
587 489 811 602 propagari
837 488 917 576 bac
939 493 1099 578 ratione
1127 495 1342 615 ignorant,
1365 531 1461 594 eum

170 612 329 726 fertilis
355 615 463 688 Mori
502 599 684 686 stolones
726 626 821 686 curu
846 600 913 688 sua
942 627 1048 688 terra
1087 605 1244 695 evulsos
1274 609 1461 724 plantan-

180 742 241 804 tes
264 715 414 830 mergit
443 735 632 810 utantur,
658 714 696 796 ei
723 737 814 796 non
842 715 968 801 solum
989 712 1145 805 cultum
1166 718 1345 848 aliquem
1367 751 1459 810 nort

179 827 403 922 exhibent,
433 823 598 913 sedvel
625 827 834 938 extirpant
859 827 927 916 vei
954 829 997 913 in
1026 823 1239 918 foecundas
1266 835 1458 928 inserunt.

175 947 323 1054 ¹Quare
352 965 527 1053 perraro
558 937 765 1034 occurrit,
795 963 931 1058 neque
960 937 1169 1038 incultis,
1198 941 1266 1028 sed
1293 972 1339 1034 ut
1366 946 1458 1034 casu

178 1081 206 1138 a
223 1049 383 1168 fertilis
409 1059 518 1134 Mori
543 1048 690 1136 semine
717 1050 831 1162 jobio
860 1053 1068 1148 nascitur,
1100 1076 1170 1138 out
1197 1053 1307 1142 secus
1338 1087 1459 1174 agro-

174 1191 269 1252 rum
295 1159 458 1250 lacunas
488 1161 690 1257 cernitur,
714 1182 784 1249 aut
806 1162 912 1248 inter
933 1188 1126 1278 vepretn,
1154 1168 1218 1248 Ex
1244 1169 1290 1252 iis
1319 1168 1459 1283 itaque

175 1297 263 1360 tarn
322 1275 649 1470 auciggqerdibus
674 1283 801 1356 Moris
817 1274 1127 1362 innumerabilia
1156 1303 1384 1390 corporum
1404 1279 1462 1363 se-

173 1298 387 1474 minabun
476 1389 572 1472 uvir
603 1410 790 1470 emanare
807 1385 962 1472 necesse
981 1387 1058 1492 est,
1088 1387 1236 1505 quibus
1259 1399 1460 1506 magnum

176 1497 267 1582 hoc
297 1492 512 1585 circunfusr
539 1499 640 1581 aeris
667 1495 840 1621 spatium
867 1499 991 1583 ita-re
1024 1495 1177 1594 lentur,
1207 1520 1254 1584 ut
1282 1526 1371 1583 non
1395 1502 1458 1584 so.

177 1605 264 1698 lum
291 1618 399 1691 Mori
424 1633 518 1724 quae
544 1607 697 1690 minori
725 1603 973 1696 intervallo
1003 1608 1144 1704 istaut,
1173 1606 1241 1700 sed
1266 1612 1389 1695 etiam
1410 1610 1460 1695 il..

177 1716 227 1806 1ae
254 1745 347 1838 quae
374 1741 499 1834 quam
528 1715 761 1830 longiffimo
797 1717 928 1832 spatio
966 1721 1252 1832 seponuntur,
1281 1723 1456 1810 eandem

176 1829 513 1942 corpusculorum
541 1847 700 1940 partem
728 1833 956 1944 accipiant,
986 1834 1035 1918 bt
1060 1833 1276 1952 equaliter
1296 1829 1458 1922 foecun,

174 1943 348 2031 dentur.
374 1941 439 2028 nd
471 1941 590 2057 quod
619 1939 894 2054 praestandum
922 1969 1010 2026 non
1035 1943 1167 2032 solum
1195 1946 1361 2056 apices,
1389 1943 1458 2030 sed

173 2078 311 2170 neque
339 2049 431 2164 ipsae
458 2047 651 2150 frondes,
678 2055 797 2148 rami,
827 2076 1021 2149 truncus,
1050 2055 1097 2139 br
1123 2053 1263 2150 radix,
1292 2053 1320 2138 sr
1349 2056 1392 2136 in
1417 2083 1459 2138 a·

175 2164 320 2290 picum
346 2159 586 2276 corpuscula
615 2164 808 2262 abirent,
838 2161 1095 2250 sufficerent.
1124 2159 1326 2254 Praeterea
1358 2193 1458 2258 cum

177 2303 222 2360 tn
248 2277 311 2359 his
330 2272 583 2390 regionibus
603 2280 768 2390 fertiles
797 2287 905 2360 Mori
934 2275 1070 2388 plures
1098 2271 1208 2371 fint,
1250 2296 1298 2366 ut
1325 2293 1463 2360 ,Moror

176 2388 262 2473 alba
288 2390 323 2494 J
352 2390 393 2468 B.
427 2419 460 2470 t.
492 2411 569 2485 119
597 2447 610 2483 ,
638 2407 771 2471 Morus
786 2391 924 2498 fructu
952 2391 1069 2485 albo,
1098 2397 1264 2482 minori,
1295 2419 1346 2470 ex
1373 2388 1463 2470 albo
1576 2435 1584 2442 ι

169 2499 459 2619 purpurascente
488 2496 688 2585 Toumefi
717 2501 800 2607 Inst.
826 2501 876 2586 R.
904 2500 1018 2584 Herb.
1045 2497 1160 2606 589,
1203 2513 1336 2580 Morus
1362 2502 1463 2612 frier

178 2621 237 2696 nu
265 2619 372 2721 nigro
401 2611 450 2694 C.
482 2611 524 2692 B.
552 2618 633 2694 Pin.
672 2635 786 2720 459,
813 2614 994 2719 sterilis,
1033 2634 1079 2696 ut
1102 2605 1220 2694 'mihi
1258 2607 1455 2694 haetenus

179 2741 443 2830 compertum
472 2717 555 2814 est,
583 2745 666 2806 una
694 2742 876 2812 tantum,
904 2723 976 2837 qui
1006 2720 1095 2802 fieri
1123 2715 1279 2828 potest,
1308 2715 1353 2802 u't
1373 2719 1460 2829 api.

179 2861 276 2927 cum
302 2825 566 2940 corpuscula,
600 2854 695 2954 quae
723 2828 869 2912 eadem
895 2830 1063 2913 materia
1084 2823 1295 2920 constant,
1325 2847 1460 2938 pater..

179 2965 362 3060 numque
393 2943 472 3043 (ut
499 2938 556 3022 ita
584 2936 754 3048 dicam)
786 2937 970 3050 spiritum
995 2959 1180 3057 gerunt,
1210 2935 1457 3030 diffnnilibus

182 3047 395 3176 speciebus
423 3049 576 3140 nuliam
607 3054 690 3139 vim
730 3053 1072 3147 communicent,
1113 3075 1167 3134 ex
1209 3046 1372 3163 quanli
1408 3076 1461 3134 ue

184 3177 375 3287 sequatur
403 3159 608 3250 infructu
637 3161 946 3248 diffimiiitudoi
979 3167 1147 3274 Semper
1176 3163 1287 3244 enim
1315 3075 1459 3252 ettam

183 3286 339 3402 figura,
369 3275 539 3369 colore,
568 3275 614 3360 δέ
642 3272 931 3390 magnitudine
958 3274 1121 3362 crescit?
1151 3270 1284 3384 Qud
1305 3269 1396 3358 sanc
1416 3274 1460 3354 itt

111 3465 115 3473 ,
186 3391 375 3484 omnibus
405 3386 674 3473 animantibus
704 3381 949 3470 contraiit.
1220 3387 1223 3394 ’

201 3571 208 3590 .
243 3503 321 3590 Sed
351 3501 405 3584 de
433 3513 542 3582 Mora
572 3505 655 3609 jam
682 3495 803 3582 satis:
844 3494 1085 3578 transeamus
1129 3491 1180 3576 ad
1217 3491 1464 3684 rumperem,

187 3627 304 3732 cujus
333 3615 463 3732 genus
492 3609 598 3694 inter
636 3635 703 3694 eas
740 3635 912 3732 quoque
956 3602 1112 3717 plantas
1151 3600 1211 3688 cst
1251 3629 1304 3687 co
1322 3599 1463 3688 locan-

186 3737 311 3827 dum,
340 3748 518 3848 quarum
546 3721 631 3807 alie
659 3739 818 3807 amenta
848 3721 1114 3836 producunt,
1150 3713 1236 3801 aliae
1264 3709 1461 3803 fratrum.

188 3831 297 3955 Qun
325 3843 454 3956 igitur
481 3833 588 3945 iulos
615 3832 695 3924 five
724 3856 883 3920 amenta
910 3829 1078 3950 gignit,
1120 3855 1167 3913 ea
1197 3831 1335 3945 primo
1364 3857 1462 3917 vere

185 3956 350 4046 fundit.
386 3953 550 4036 Fertilis
579 3969 718 4034 tutem
746 3977 770 4031 n
798 3974 897 4036 vere
925 3943 1102 4031 fruetum
1140 3941 1264 4027 edere
1294 3942 1461 4135 intigit,

187 4097 326 4186 neque
356 4089 431 4181 per
457 4059 635 4186 nitatem
663 4057 815 4156 ccss'at,
853 4058 920 4184 seri
945 4080 1081 4184 novos
1110 4051 1266 4180 semper
1304 4049 1367 4136 fru
1415 4077 1460 4150 ur

188 4185 369 4272 etnrttit.
405 4171 593 4262 Nascrtur
622 4193 757 4261 autem
784 4167 1014 4286 promiscue
1041 4194 1083 4253 m
1110 4163 1318 4249 montibus
1353 4181 1462 4244 utra,

186 4321 298 4424 quet
325 4295 437 4416 snpe-
454 4305 592 4381 tamen
609 4286 664 4380 in
690 4285 839 4378 hortos
868 4275 1191 4406 transferuntur,
1222 4273 1268 4367 ὅ(
1286 4266 1463 4394 seorsum

1005 4415 1100 4510 rr
1329 4406 1413 4488 Μή
