4144 5412
651 279 737 344 roa
868 230 1622 355 irmTHoLoGlAE,

565 365 849 496 expandunt)
889 365 988 454 hinc
1027 363 1176 488 calycis
1215 363 1399 486 squamas
1439 367 1707 479 deprimunt,
1747 363 1853 460 hinc·

568 503 734 601 pappos
763 506 839 595 qut
865 476 1046 566 thalamo
1075 475 1272 582 insident3
1302 468 1378 560 illis
1401 501 1541 567 autem
1559 479 1840 579 resistentibus,

568 599 718 691 semen,
748 593 819 684 cui
847 592 976 710 pappi
987 588 1217 690 adherent,
1244 618 1270 675 a
1293 585 1460 678 thalami
1476 588 1588 679 villis
1609 592 1654 676 in
1675 591 1730 682 sui
1750 617 1853 708 pap·

567 733 650 824 pos
679 724 826 794 contra
853 703 1102 806 nitentibus,
1131 727 1186 792 ex
1212 698 1399 789 thalamo
1426 699 1709 821 diiungitur,
1738 731 1850 820 quo.

568 817 683 906 niam
701 813 757 907 ·&
783 815 912 932 ipsum
937 810 1057 906 facile
1088 813 1294 930 sequitur,
1322 819 1449 925 jame
1495 835 1630 901 recato
1651 813 1848 902 thalamo.

569 933 661 1022 Hac
687 924 850 1018 ratione
876 926 1027 1020 semina
1054 958 1079 1017 a
1108 923 1292 1018 thalamo
1321 923 1592 1042 separantur,
1631 947 1725 1046 que
1750 950 1855 1018 mox

571 1043 624 1138 ad
650 1063 802 1130 terram
829 1037 1128 1135 decutiuntur.
1360 1087 1372 1118 ·.
1634 1097 1637 1102 .

609 1149 776 1243 'Eadem
804 1147 863 1242 est
888 1148 1056 1244 thalami
1083 1171 1247 1250 natura,
1275 1146 1304 1236 li
1332 1171 1578 1268 papporum
1605 1145 1705 1238 loeo
1732 1151 1849 1274 squa-

572 1265 647 1356 mis
676 1252 895 1356 instruant
922 1261 1147 1357 thalamus.

627 1378 725 1472 Hac
754 1369 844 1462 sunt
870 1403 964 1506 ¹quae
992 1375 1046 1468 ad
1075 1370 1260 1492 vulgatas
1290 1370 1375 1462 illas
1399 1377 1593 1504 quinque
1617 1375 1732 1464 floris
1759 1377 1853 1489 par·

573 1481 866 1614 tescalycem,
894 1485 1095 1602 petalum,
1124 1484 1289 1588 tubum,
1311 1484 1504 1584 stamina,
1529 1488 1581 1578 δι
1602 1489 1739 1605 apices
1760 1509 1854 1602 per-

572 1603 704 1690 tinere
731 1598 867 1693 novi:
910 1599 1053 1696 restat,
1082 1620 1131 1687 ut
1155 1622 1288 1726 pauca
1316 1594 1368 1680 de
1397 1598 1575 1689 florendi
1603 1601 1768 1687 ratione
1802 1597 1850 1686 u

572 1710 704 1799 modo
766 1735 982 1812 uaeramus,
1008 1713 1056 1804 iis
1083 1735 1242 1804 varrum
1273 1703 1526 1800 nascentium
1554 1704 1714 1800 florum
1740 1709 1853 1794 ordi-

573 1847 671 1908 nem
705 1733 1020 1921 srlbnebtentes,
1061 1849 1151 1940 quo
1179 1815 1324 1916 clarius
1361 1820 1584 1927 mirabilis,
1624 1821 1771 1922 varia,
1801 1848 1853 1912 ac

442 1963 451 1992 ⁸
573 1929 790 2056 multiplex
818 1958 971 2030 naturae
998 1935 1187 2061 potentia
1214 1928 1434 2028 elucescat,

800 2221 1226 2352 ¹cauus
1279 2219 1514 2315 xxxva

781 2450 843 2554 Da
858 2461 1032 2574 florendi
1044 2464 1224 2582 stirpium
1250 2465 1417 2562 ratione,
1444 2457 1490 2561 ἀ
1518 2463 1646 2550 modo.

571 2697 735 2924 'AD
757 2701 870 2796 floris
892 2721 1081 2792 naturam
1105 2694 1262 2824 plenius
1284 2695 1613 2822 intelligendam,
1643 2727 1731 2792 non
1754 2729 1854 2817 prae-

675 2926 682 2940 Ι
723 2811 1036 2942 termittenclurn
1072 2811 1150 2900 esle
1188 2807 1334 2936 ultimo
1375 2809 1476 2900 loco
1506 2841 1692 2942 quaerere
1720 2817 1855 2908 existi.

575 2951 714 3021 mavi,
741 2929 846 3130 epid
874 2948 978 3016 certt
1007 2924 1055 3018 δι
1083 2920 1283 3049 perspebtr
1310 2919 1378 3016 vel
1398 2928 1566 3126 proditi
1594 2925 1647 3018 ab
1675 2931 1855 3021 austori-

579 3035 679 3132 bus,
707 3065 760 3130 ve
805 3035 951 3126 nostris
980 3034 1272 3154 experimentis
1303 3057 1396 3150 pate
1414 3037 1494 3126 aut
1520 3037 1742 3132 habeamus
1767 3105 1779 3139 ,
1808 3061 1856 3128 ut

579 3167 693 3242 certa
722 3149 885 3242 tatione
913 3153 1001 3242 turn
1029 3171 1218 3270 tempora
1246 3148 1394 3266 quibus
1420 3143 1586 3270 singulae
1613 3151 1755 3276 stirpes
1779 3155 1858 3239 flo-

578 3286 645 3348 res
674 3259 797 3350 edere
823 3259 976 3358 solent,
1003 3281 1100 3346 ante
1127 3255 1455 3384 cognoscamus,
1493 3282 1581 3360 turn
1608 3265 1858 3378 potrssimum

578 3371 753 3468 florendi
780 3373 973 3466 modum,
993 3375 1088 3465 Hoc
1112 3395 1269 3476 autem,
1297 3397 1391 3460 cum
1417 3369 1544 3463 multa
1576 3377 1618 3462 in
1638 3375 1760 3466 rebus
1780 3382 1860 3464 Bo·

578 3483 722 3586 tunicis
754 3484 880 3578 dubia
909 3515 958 3575 ac
987 3487 1142 3577 incerta
1169 3483 1245 3569 ess'e
1275 3480 1323 3570 ὅ(
1350 3485 1601 3606 cognoscam
1627 3487 1675 3578 &
1701 3484 1856 3589 fatear,

577 3595 683 3688 nihil
721 3600 912 3690 incertius
965 3595 1013 3688 ὅ(
1063 3596 1268 3688 obscurius
1315 3592 1391 3680 essie
1441 3595 1567 3713 plane
1627 3603 1853 3691 contende·

578 3709 692 3810 rim5
735 3708 891 3825 pendet
928 3709 1039 3794 enim
1077 3732 1131 3799 ex
1170 3706 1393 3798 innumeris
1434 3709 1591 3813 causis,
1620 3707 1851 3837 dequibus

580 3815 862 3932 singuliscunr
882 3815 1087 3912 infinitum
1110 3817 1168 3912 est
1186 3815 1362 3918 referre,
1390 3840 1477 3909 tum
1497 3821 1860 3940 supervacaneum

580 3933 760 4049 Loquor
790 3949 927 4020 autem
956 3935 1201 4042 potisiunutu
1228 3929 1280 4023 de
1308 3929 1523 4025 arboribus
1553 3938 1601 4028 ὅτ
1628 3931 1854 4040 fruticibus,

578 4067 678 4132 nam
687 4043 732 4132 in
743 4037 882 4136 herbis
893 4041 1159 4158 poss'urnusali
1192 4043 1263 4136 uid
1273 4047 1482 4160 conjicere
1502 4111 1510 4135 .
1538 4052 1761 4138 Suntenim
1783 4047 1859 4136 ha-

578 4151 914 4254 rumnonnullae‚
942 4183 1034 4276 quae
1055 4071 1216 4276 singulis
1231 4158 1346 4246 annis
1367 4151 1867 4251 &nascuntur&conea-'

582 4263 1316 4394 harenaequarumuorenutempa
1326 4269 1433 4358 intra
1443 4264 1555 4366 idem
1571 4270 1743 4397 spatium
1753 4289 1871 4361 con·s

1711 4379 1800 4472 fici·
1862 4390 1871 4450 ι·
