4088 5412
639 207 728 318 2'96
857 193 1235 320 oissssumlo
1265 191 1645 290 vntoEclMAJ

571 317 863 442 monopetaius
907 325 955 409 ὅ(
983 317 1183 438 partibus·
1208 313 1256 402 &
1282 311 1417 432 figura
1444 341 1535 402 non
1563 315 1703 407 ess'et?
1743 327 1866 446 Quid

572 471 677 531 vero
705 441 757 526 de
779 435 944 524 radians
967 447 981 518 2
1011 437 1123 516 Num
1142 449 1367 544 propterea
1386 428 1507 545 quod
1529 429 1799 524 semifloiculis
1819 441 1868 527 &

574 551 751 638 flosculis
781 547 1004 640 constant,
1033 537 1264 669 compositi,
1281 539 1441 629 inventi
1466 551 1480 626 Ξ
1508 545 1575 626 An
1603 573 1755 644 contra
1777 579 1869 636 earo

536 679 540 688 “
575 664 674 750 dem
703 683 894 746 naturam
921 655 1073 743 habere
1101 654 1278 742 vrdimus
1304 714 1315 748 ,
1346 679 1442 770 quae
1468 660 1751 770 monopetah's
1784 662 1868 750 aliis

576 773 680 861 inest
704 783 718 858 Ξ
745 775 898 891 Neque
916 765 1049 856 solum
1070 771 1114 852 in
1135 763 1364 854 universum
1386 761 1472 850 hoc
1495 761 1745 859 ostendimus
1767 841 1778 870 ‚
1805 775 1868 864 sed

609 915 657 972 er
683 881 855 998 singulas
884 877 969 968 fere
996 880 1147 994 species
1175 879 1310 964 rimati
1331 876 1462 962 sumus
1488 940 1497 958 .
1525 879 1742 993 Proposrta
1761 892 1867 980 eninr

576 914 778 1112 iipartito
809 992 945 1092 class'e,
982 993 1031 1080 ὅτ
1058 988 1284 1108 generibus·
1305 1013 1399 1104 quae
1426 987 1562 1074 semen
1589 996 1642 1080 de
1670 997 1865 1086 interiore

578 1113 693 1196 floris
725 1133 845 1220 parte
873 1108 1115 1222 producunt
1152 1100 1358 1216 expenfis,
1402 1101 1569 1216 reliqua
1588 1133 1738 1222 genera
1760 1137 1864 1224 quo

579 1249 673 1308 turn
699 1223 821 1308 flores
850 1214 1047 1305 frustibus
1074 1211 1334 1303 subcrescunt
1364 1276 1377 1309 ,
1418 1219 1476 1299 ita
1506 1221 1618 1306 varie
1647 1221 1857 1332 petunda,

580 1336 715 1423 vimus
754 1394 766 1427 ,
807 1356 853 1420 ut
880 1357 1035 1418 novem
1072 1325 1254 1440 ipsorum
1281 1322 1510 1413 discrimina
1548 1331 1857 1448 affignaremus.

581 1443 673 1529 Alia
702 1443 813 1529 enirn
840 1445 884 1528 in
911 1442 1059 1530 semine
1090 1435 1348 1524 &thalamo
1376 1441 1524 1556 pappis
1552 1441 1707 1528 donata
1737 1476 1753 1546 3
1790 1441 1860 1528 alia

580 1556 626 1638 in
655 1553 838 1640 thalamo
866 1577 1059 1651 tantum,
1086 1551 1164 1638 alia
1192 1551 1362 1644 viciffim
1381 1550 1552 1650 ,unuln
1582 1553 1630 1638 &
1647 1554 1795 1638 semine
1813 1555 1865 1640 ’ὅτ

581 1667 766 1753 thalamo
793 1663 998 1783 squamata
1033 1728 1045 1762 ,
1074 1661 1201 1751 multa
1228 1661 1408 1751 thalamo
1435 1688 1595 1754 tanturn
1626 1725 1639 1760 ,
1668 1664 1870 1752 nonnulla

580 1776 756 1872 semine,
784 1774 898 1864 nere
920 1781 1048 1864 etiam
1077 1802 1171 1896 quae
1198 1775 1242 1860 in
1268 1771 1417 1863 senune
1445 1802 1526 1892 pap
1559 1803 1650 1877 om,
1679 1777 1721 1858 in
1743 1775 1870 1862 thala-

582 1918 657 1974 mo
687 1889 872 2005 squamas
899 1891 1157 2014 gignerent,
1188 1883 1307 2001 plora
1337 1887 1427 1990 (de
1453 1803 1600 2002 quius
1629 1885 1774 1976 ultimo
1802 1886 1868 1972 lo

584 2028 640 2086 co
669 2001 880 2086 retulimus
909 2028 953 2084 tn
980 1998 1186 2086 hodierna
1214 1993 1489 2088 diss'ertatione
1522 2005 1540 2110 )
1572 2026 1665 2117 quae
1691 2001 1869 2114 squamis

584 2140 633 2198 ac
662 2113 808 2307 papfiis
839 2113 1080 2210 carebant,
1121 2114 1228 2197 inter
1255 2110 1294 2197 se
1327 2133 1465 2202 tamen
1493 2113 1680 2200 distintaa
1713 2147 1727 2212 ,-
1766 2135 1872 2229 quo·

583 2225 697 2308 niam
720 2251 741 2306 a
766 2225 796 2306 'a
820 2218 997 2311 fruituto
1019 2219 1227 2322 ferebant,
1256 2219 1333 2310 alia
1342 2227 1456 2316 nuda
1474 2225 1643 2316 sentina.
1665 2231 1711 2310 In
1733 2221 1795 2308 his
1817 2245 1875 2308 ta-

583 2362 682 2425 men
707 2334 899 2424 omnibus
939 2361 1130 2449 quaenam
1156 2359 1320 2449 reperta
1350 2338 1410 2422 est
1436 2341 1552 2422 floris
1581 2335 1749 2430 forma,
1783 2360 1878 2448 quae

585 2447 699 2532 floris
726 2473 819 2560 pars
842 2443 1018 2530 dicenda
1040 2446 1158 2538 edet,
1186 2473 1272 2524 oon
1297 2474 1400 2534 vero
1419 2451 1495 2538 flos
1521 2445 1764 2563 &quidem
1784 2473 1881 2528 mo.

585 2557 833 2678 nopetalus}
855 2549 1137 2642 Concludatur
1161 2551 1302 2670 itaque
1313 2554 1459 2638 florem
1470 2553 1775 2676 conglobatum
1785 2553 1877 2642 son⁴

585 2670 739 2788 plicern
765 2666 841 2756 esse
866 2728 878 2763 ,
907 2688 996 2748 oon
1014 2661 1311 2776 compositum,
1338 2663 1536 2785 nullaque
1557 2690 1765 2754 retronea
1786 2695 1878 2752 ruo.

581 2781 796 2896 noperaiis
826 2776 901 2866 ess'e
929 2775 1235 2889 separanduma
1263 2775 1311 2860 &
1335 2801 1560 2893 propterea
1586 2807 1664 2867 nos
1692 2780 1768 2901 qui
1796 2781 1880 2894 pri·
1950 2889 1953 2894 Ι

586 2897 645 2982 mi
672 2897 781 2980 inter
801 2889 1104 3003 *monopetalos
1128 2887 1454 2989 collocavimus,
1482 2889 1585 2980 nihil
1606 2916 1811 2980 aratione
1837 2923 1879 2977 a-

585 3005 742 3094 }ientun
774 2998 937 3095 feciss‘e.
966 3003 1194 3117 Sequitur,
1222 3005 1498 3117 monopetalis
1517 3003 1697 3102 ¹'floribus
1720 2999 1881 3108 absolue,

586 3121 684 3214 tis„
712 3110 1054 3236 polypetalorum
1092 3111 1271 3200 Historia
1302 3176 1314 3211 ,
1354 3114 1503 3212 deinde
1532 3116 1730 3206 arborum
1757 3111 1880 3202 fruti

587 3255 767 3348 euinque
783 3227 1004 3320 trattatio.
1032 3230 1133 3312 Cras
1146 3229 1283 3344 itaque
1305 3227 1358 3314 de
1377 3227 1617 3349 polypetalis
1639 3231 1779 3314 dicere
1805 3253 1882 3342 ag-

587 3347 795 3462 gredere
835 3339 881 3422 &
921 3337 1228 3434 anornalorurn¹
1247 3333 1405 3428 class'em
1433 3341 1739 3456 pertradtabo.
1785 3339 1882 3427 Vos

589 3449 813 3546 Auditorei
842 3511 853 3550 ,
894 3449 943 3538 &
971 3453 1111 3540 animis
1142 3451 1191 3537 δι
1220 3480 1403 3568 corpore
1431 3455 1654 3556 adestote,
1693 3477 1741 3544 ut
1804 3479 1883 3540 um

584 3591 682 3654 rum
723 3561 863 3654 studiis
903 3569 1050 3652 florem
1077 3565 1392 3678 monopetalom
1418 3571 1695 3686 peregimus,
1732 3567 1760 3650 i'
1806 3590 1874 3652 em

589 3674 876 3792 polypetalutn
911 3679 1154 3796 incipiamus
1184 3736 1198 3780 2
1236 3677 1459 3798 iisdemque
1487 3675 1718 3806 faventibus
1744 3671 1876 3792 abioig

589 3815 766 3880 varmo,
1161 3817 1166 3826 ’
1644 3812 1651 3826 ·
