4144 5412
699 254 1629 368 m2·amTHoLoGtAE

597 396 826 488 arescunt.
854 386 938 482 red
951 383 1071 510 =quid
1087 401 1328 504 argumenta
1347 409 1517 507 quaro,
1534 377 1717 504 quando
1738 409 1802 472 res
1824 382 1904 476 cla·

617 543 665 606 ra
695 511 743 594 &
769 498 977 596 manifesta
1005 503 1050 588 in
1066 505 1216 588 'Primis
1277 521 1401 589 uanae
1421 491 1674 584 differentiae·
1699 495 1903 592 habenta

615 624 870 737 roddapanna
905 613 1049 742 petalis
1080 521 1345 729 apicibulque
1381 607 1573 739 destituta
1617 607 1771 702 fruitus
1801 641 1903 732 pro·

616 733 735 825 ducit
761 730 1015 856 quotannis,
1053 753 1191 854 neque
1218 745 1357 816 tamen
1386 747 1429 808 m
1456 723 1610 811 eodem
1635 749 1794 846 genere
1822 723 1902 813 alia

616 845 732 935 adest
758 866 948 963 cognata.
967 841 1015 931 tr
1039 833 1236 932 maritalis
1262 841 1464 938 Palma
1491 833 1641 962 quibua
1663 836 1829 931 effluvia
1847 837 1903 928 ad

616 954 731 1052 illam
757 952 1102 1050 transmittantur.
1692 1006 1695 1019 ·
1840 1011 1845 1020 .

984 1239 1296 1353 catur
1352 1235 1541 1324 xxxi.

616 1507 721 1584 Nam
746 1481 896 1581 Palmae
922 1479 1171 1606 dastyliferae
1209 1491 1252 1570 in
1277 1467 1442 1598 oigppto
1482 1479 1716 1594 asterilium
1744 1478 1901 1576 Palma.

702 1599 720 1630 ⁸
933 1626 1050 1703 ‚rum
1077 1595 1241 1718 apicibus
1257 1597 1553 1718 fecundentur,

619 1841 782 2074 ETli
807 1845 896 1940 satis
925 1844 1130 1964 superque
1158 1841 1202 1930 id
1228 1836 1349 1964 quod
1374 1863 1486 1935 nuuc
1497 1797 1800 1960 proponimus,
1829 1873 1902 1934 ex-

741 1956 914 2074 politum
930 1982 1069 2081 atque
1096 1950 1462 2074 explanatumsrt,
1491 1980 1653 2050 tameo,
1685 1959 1894 2074 quoniam

620 2073 725 2188 sape
753 2099 800 2160 ea
829 2073 1077 2193 contingere
1103 2071 1312 2167 videmus,
1342 2092 1435 2182 qua
1462 2068 1573 2157 nulla
1597 2069 1758 2156 ratione
1777 2071 1902 2158 attin·

619 2181 758 2312 genda
785 2179 895 2286 lunt,
926 2184 1104 2275 breviter
1132 2183 1269 2272 adhuc
1291 2178 1586 2297 inquirendum
1604 2180 1771 2296 judico,
1797 2211 1899 2274 num

616 2323 661 2387 m
692 2293 829 2416 aliqua
859 2299 1039 2414 regione
1067 2302 1209 2382 Palma
1236 2289 1570 2390 innascantur,
1598 2315 1646 2384 ut
1672 2291 1743 2380 ulfi
1770 2327 1795 2384 a
1824 2295 1900 2384 ste-

564 2411 566 2418 ’
617 2405 759 2500 rilibus
793 2413 935 2498 aalma
970 2407 1146 2540 ipsarum
1182 2403 1429 2530 embryones
1466 2406 1758 2510 afficerentur,
1797 2433 1900 2496 nun-

652 2546 749 2610 uam
774 2518 823 2616 hi.
847 2541 1121 2613 maturitatem
1147 2517 1380 2610 haberent.
1419 2522 1563 2628 Quare
1592 2515 1647 2606 de
1683 2526 1822 2606 Palmis
1852 2523 1900 2605 ln

671 2653 806 2748 gypto
835 2631 884 2720 δε
911 2628 1205 2746 circumpofitis
1234 2629 1461 2742 provinciis
1491 2627 1903 2756 ndqentibus,&de

615 2741 860 2862 portentosa
888 2742 955 2832 illa
981 2749 1199 2832 Palmaria:
1226 2737 1385 2830 cultura
1413 2740 1472 2828 est
1499 2742 1789 2832 dillerendum.
1817 2739 1896 2830 Sed

616 2876 713 2945 ante
754 2857 896 2948 omnia
923 2856 1024 2948 illud
1051 2855 1275 2976 explanare
1313 2853 1561 2972 aggrediar,
1590 2877 1636 2942 ut
1663 2853 1898 2956 ostendum,

616 2974 774 3056 Palmas
810 2973 1055 3090 dattyliferas
1096 2989 1230 3054 extra.
1258 2968 1491 3085 AEgyptum
1538 2963 1619 3057 sme
1659 2966 1734 3056 illo
1783 2965 1897 3057 cultu

616 3077 928 3194 (quoscilicet
957 3077 1151 3171 sterilium
1178 3084 1395 3166 palmarum
1420 3079 1542 3166 flores
1564 3141 1581 3180 ,,
1604 3081 1736 3170 hianti
1762 3077 1899 3172 foemi-

616 3215 681 3280 nae
706 3187 858 3306 spatha·
884 3190 1114 3285 inseruntur
1135 3189 1254 3306 ),nisi
1282 3188 1325 3280 id
1351 3215 1397 3272 re
1426 3189 1533 3275 ionis
1562 3214 1764 3314 terraque
1793 3219 1898 3279 con.

619 3301 783 3392 ditione
813 3303 1105 3418 prohibeatur,
1129 3299 1325 3426 palmulas
1355 3214 1424 3390 al
1434 3304 1712 3394 maturitatem
1739 3304 1900 3426 perdu⁴

619 3443 744 3508 tere,
780 3419 891 3508 Nam
918 3417 1037 3538 quod
1066 3420 1109 3504 in
1137 3417 1293 3509 Gracia
1321 3410 1501 3504 frustum
1541 3415 1593 3505 ad
1621 3419 1899 3509 maturitatem

617 3554 709 3618 non
737 3529 967 3646 perducant
1004 3537 1170 3633 Palma,
1209 3531 1252 3621 id
1292 3527 1372 3620 hac
1411 3527 1462 3620 de
1494 3528 1610 3622 caula
1649 3535 1793 3624 contin
1826 3560 1896 3619 ere

617 3639 799 3756 judico,
835 3643 1030 3737 videlicet
1056 3643 1123 3736 vel
1160 3641 1277 3761 quod
1305 3642 1461 3734 Graecia
1499 3673 1589 3734 non
1621 3647 1679 3736 ira
1705 3559 1896 3736 calidiori

616 3747 751 3868 plagae
781 3753 960 3866 subjeuca
987 3753 1055 3856 lit,
1083 3779 1129 3850 ut
1160 3763 1381 3845 Palmarum
1409 3780 1554 3850 natura
1582 3760 1787 3880 requirit,
1828 3755 1896 3846 vel

618 3861 740 3978 quod
762 3865 804 3950 in
825 3863 914 3950 solo
931 3869 1066 3958 minus
1089 3893 1192 3986 apto
1205 3867 1464 3986 plantentur,
1477 3872 1544 3960 vel
1565 3873 1748 3990 denique
1770 3869 1896 3986 quod

616 3967 750 4068 cultus
779 3971 930 4063 alienus
958 3980 1218 4074 adhibeatur.
1247 3983 1410 4076 Etenim
1439 3986 1561 4078 etiarn
1589 3979 1901 4096 cultumpluri..

616 4111 733 4178 tuum
753 4087 804 4184 ad
824 4093 1039 4180 Palmarum
1058 4091 1311 4189 fertilitatem
1333 4091 1545 4190 conferre,
1567 4091 1786 4181 aureorum
1804 4121 1897 4184 moa

610 4223 817 4294 nunenra
844 4203 1064 4312 testantur3
1099 4210 1147 4296 &
1172 4209 1275 4324 saepe
1304 4240 1397 4330 quae
1425 4203 1575 4294 steriles
1602 4201 1753 4293 habllae
1779 4203 1888 4311 sunt,

614 4309 667 4422 ,δι
691 4339 923 4440 propterea
941 4321 1150 4451 -negleotae
1174 4325 1397 4442 jacebam,
1437 4341 1534 4410 erun
1560 4317 1691 4422 cultus
1719 4323 1895 4522 aesculis,

748 4474 769 4518 ·,
1019 4463 1026 4530 2
1778 4453 1845 4544 σε,
