4144 5412
193 395 275 464 tut
300 359 492 487 capsulae,
519 369 692 461 multum
703 249 845 457 Titiam
870 253 1061 462 iillati'hus
1088 377 1207 483 talliis
1237 287 1471 494 aurailus·

195 485 298 583 bus,
324 480 627 604 appendicula,
656 483 718 570 cal
772 483 906 615 isque,
934 489 1005 600 qui
1034 496 1115 597 jam
1143 489 1335 577 exsuctus
1369 487 1471 576 faci-

193 595 395 696 lecetlit,
421 598 608 710 superata
636 595 725 681 rests
744 620 875 696 entra,
905 628 927 682 a
957 599 1136 683 thalamo
1166 604 1468 719 disjunguntur.

192 711 291 798 Haec
320 709 379 796 est
405 707 660 822 capsulatuin
688 736 780 823 quae
808 739 862 798 ex
887 708 1159 800 seiniliosculis
1182 715 1285 801 fiunt
1308 734 1470 803 natura,

194 818 367 908 Flosculi
398 847 532 934 porro
563 825 734 934 proprie
763 817 887 920 disti,
918 825 992 938 qui
1028 823 1070 905 in
1097 821 1208 910 diseo
1238 847 1467 938 ponuntur,

194 925 596 1022 infundibullformes
624 929 739 1029 sunt,
770 957 843 1043 per
873 961 991 1026 oram
1015 933 1226 1031 multifidi,
1256 931 1354 1022 lutei
1390 965 1470 1034 ue,

194 1071 291 1134 cum
318 1042 427 1131 lutea
455 1047 643 1162 vagina,
683 1043 863 1164 tubaque
889 1109 900 1133 ,
938 1041 1112 1129 Insident
1154 965 1469 1160 embiyoniliui,

225 1155 267 1242 ui
297 1182 510 1278 nunquam
537 1156 589 1245 ad
617 1159 893 1243 maturitatem
919 1156 1236 1270 perducuntur,
1269 1158 1472 1272 quoniam

193 1179 246 1350 ili
274 1272 453 1354 externis
483 1263 651 1381 capsulis
679 1270 849 1362 nimium
874 1288 1135 1391 premuntur,
1165 1268 1213 1362 ὃς
1243 1270 1358 1360 omni
1383 1263 1471 1356 fere

192 1375 373 1466 humore
403 1379 639 1490 privantur.
906 1409 909 1417 ¹
1333 1439 1336 1444 ι

249 1491 342 1596 Jain
369 1515 472 1579 vero
512 1517 605 1577 cuin
630 1493 752 1576 flores
792 1487 840 1576 &
867 1487 1111 1608 einbryones
1153 1494 1196 1576 in
1223 1497 1328 1579 flore
1369 1505 1470 1578 con,

193 1593 371 1714 globato
398 1603 440 1686 in
469 1599 640 1720 angusto
669 1603 961 1689 contineantur
991 1605 1113 1700 loco,
1143 1631 1197 1690 ne
1220 1603 1371 1690 scilicet
1399 1629 1470 1694 aer·

196 1731 267 1795 aut
296 1709 430 1834 pluvia
460 1713 514 1800 ad
542 1709 764 1803 thalamum
785 1736 1028 1912 penetrent3
1073 1741 1156 1834 qua
1180 1714 1394 1834 diligentia
1422 1714 1471 1804 &

192 1823 521 1922 machinatione,
548 1851 601 1910 ne
630 1823 733 1912 alter
762 1829 876 1912 ateri
903 1825 1130 1923 adhaereat,
1158 1849 1335 1921 cautum
1357 1821 1473 1915 vida·

190 1943 308 2022 inus?
338 1937 516 2023 Primum
544 1935 728 2054 squamas
757 1941 868 2024 circa
896 1935 1001 2050 ipsos
1030 1939 1255 2053 geminavit
1283 1999 1295 2034 ,
1323 1937 1472 2051 easque

191 2042 413 2162 inequales
434 2045 663 2166 plerunque
688 2047 920 2143 constituit,
974 2075 1118 2133 uarum
1143 2049 1369 2135 exteriores
1384 2047 1477 2132 brea

192 2155 333 2252 viores
362 2155 483 2258 hant,
511 2185 601 2278 quo
629 2157 782 2246 firmius
811 2159 863 2245 ad
891 2075 1012 2245 baim
1039 2163 1214 2246 internas
1242 2159 1464 2260 firinatenti

194 2263 350 2354 deinde
379 2293 450 2357 aut
479 2273 627 2384 pappis
656 2293 728 2360 aut
752 2271 930 2388 squamis
960 2269 1237 2397 interposuit,
1313 2294 1374 2361 uae
1404 2295 1477 2354 ears

195 2400 405 2468 ternarum
433 2379 690 2499 squamarum
717 2383 964 2496 pressionem
992 2401 1263 2496 exciperent.
1325 2403 1344 2464 t
1374 2407 1474 2492 prm

192 2514 338 2605 pterea
364 2494 409 2578 in
436 2493 627 2586 omnibus
658 2522 713 2586 co
776 2491 923 2584 lobatis
950 2495 1150 2595 floribus,
1181 2492 1256 2621 qui
1288 2491 1474 2578 arsitioro

195 2606 464 2698 continentur
492 2603 656 2726 calyce,
684 2607 756 2694 tha
772 2635 883 2698 amus
912 2628 983 2694 aut
1010 2606 1224 2692 filamentts
1253 2604 1474 2701 instruitur,

196 2737 269 2802 aut
295 2716 491 2830 squamis,
522 2720 673 2830 quibus
702 2719 948 2833 emhryones
972 2716 1212 2802 molliusculi
1234 2712 1478 2803 circundari..

197 2847 288 2920 tur.
315 2829 414 2914 Haec
442 2829 583 2916 omnia
611 2851 749 2914 autem
777 2823 1021 2914 luculentius
1051 2847 1252 2940 apparent
1280 2827 1323 2907 in

211 3016 218 3038 ,
252 2947 365 3024 Crista
382 2938 583 3054 sylvestri,
617 2939 819 3050 hirfiiti'are
838 2941 923 3049 ſsva
952 2941 1100 3022 carduo
1127 2939 1324 3026 beneditio
1352 2939 1401 3026 C,
1430 2941 1478 3028 B.

210 3117 216 3126 .
309 3052 392 3138 Pili.
421 3039 529 3164 378,
558 3053 606 3140 &
634 3041 834 3137 Tournes.
861 3051 941 3157 last.
969 3053 1019 3137 R.
1046 3049 1161 3134 Herb.
1188 3077 1219 3159 4
1249 3081 1286 3133 o.

253 3160 446 3278 Capitula
474 3160 608 3250 multis
636 3157 744 3246 foliis
776 3159 1172 3273 cittuinsepiuntut,
1213 3081 1306 3247 litis
1331 3191 1386 3249 ex
1422 3162 1479 3249 la.

200 3273 308 3364 tiore
338 3272 415 3363 basi
442 3277 486 3362 in
513 3299 684 3364 acumen
711 3270 776 3362 sur
806 3270 999 3368 entibus,
1039 3273 1187 3467 quihus
1215 3271 1338 3466 spina
1365 3272 1478 3382 adje..

202 3383 279 3478 &ae
306 3385 427 3488 sunt,
466 3411 512 3474 ut
538 3386 739 3474 animalia
754 3301 804 3476 αἱ
843 3409 992 3474 eorum
1020 3411 1087 3469 eu
1128 3383 1166 3464 se
1205 3413 1229 3466 a
1260 3379 1479 3474 [linerent.

199 3499 302 3584 Haec
332 3496 539 3585 eitteriora
567 3494 666 3584 folia
693 3497 849 3586 viscido
870 3499 1045 3583 humore
1068 3493 1349 3608 inunguntur,
1378 3491 1482 3578 mul.

121 3609 152 3640 ⁸
201 3629 245 3694 ta
273 3605 514 3725 interpofita
540 3608 767 3728 lanugine,
795 3637 848 3696 ne
876 3612 993 3694 inter.
1009 3605 1046 3692 se
1075 3626 1260 3691 coeant.
1292 3606 1480 3691 Exterior

201 3717 312 3826 ribus
340 3725 628 3842 integumentis
655 3719 879 3836 depositis,
907 3716 1132 3835 capituliun
1162 3716 1320 3806 nudum
1348 3719 1481 3804 cerni,

203 3856 296 3932 tur,
326 3841 545 3935 conicum,
568 3833 757 3924 mollibus
776 3833 951 3960 squamis
974 3832 1220 3929 conflatum,
1242 3831 1287 3918 &
1308 3835 1481 3922 circum-

205 3945 364 4061 septum
390 4017 399 4035 .
426 3957 613 4068 Squamae
673 3977 740 4036 uae,
761 3973 989 4036 exteriores
1016 3946 1145 4043 sunt,
1172 3948 1215 4030 in
1245 3941 1411 4033 brevem
1439 3977 1481 4032 a.

206 4058 369 4155 culeum
395 4061 572 4162 abeunt,
599 3974 770 4179 reliqua
798 4061 846 4147 δὲ
874 4059 1090 4147 interiores
1110 4060 1154 4143 in
1183 4055 1411 4171 oblongam
1433 4055 1485 4138 &

204 4173 404 4264 ramosam
430 4173 622 4291 spinam,
650 4175 813 4298 quibus,
828 4172 961 4260 discus
989 4193 1138 4258 contra
1167 4167 1400 4292 brutorum·
1416 4168 1477 4249 in«

205 4288 330 4400 incias
355 4285 570 4390 munitur.
606 4289 680 4406 llis
695 4283 850 4410 ,ablatis
876 4285 1083 4400 squamis,
1113 4279 1248 4382 multa
1266 4301 1480 4394 repertun,

275 4465 299 4492 ··
350 4473 355 4488 ·
1113 4421 1145 4514 g
1360 4410 1433 4503 lul
