4168 5418
685 279 745 375 ‘32'
884 255 1601 360 'ANTHOLOGIAE'

649 381 773 468 a'rtito
813 377 1120 495 receptaculum
1157 369 1476 494 comprehendit
1512 378 1770 506 globostuul
1806 388 1890 470 emu'

612 407 823 613 bryonern
851 495 1090 608 excipiens,
1119 489 1472 610 &undequaque
1500 494 1779 580 circundans.
1808 497 1890 580 Re-

616 601 835 717 ceptaculo
862 608 937 692 flos
967 605 1186 692 innascitur
1215 600 1532 718 monopetaluS,
1560 601 1894 695 irrsundibulifor-

615 718 723 813 mis,
752 715 795 798 in
823 742 898 802 ora
927 717 1117 832 amplus,
1146 716 1191 803 δὲ
1219 717 1458 812 circularis,
1500 714 1686 836 luteique
1714 714 1892 806 coloris.

599 836 657 934 ¹A
682 826 937 940 receptaculi
965 824 1096 916 fundo
1124 830 1233 916 intus
1262 829 1427 918 stamina
1458 829 1653 920 oriuntur
1689 831 1742 916 ad
1772 825 1894 915 basim

614 935 717 1035 lata,
749 937 798 1023 δι
823 937 893 1026 fibi
921 965 1067 1029 mutuo
1098 944 1322 1055 conjunbta
1347 936 1618 1058 embryonem
1641 939 1895 1029 circumdata·

615 1051 704 1146 tia,
746 1076 839 1166 quae
866 1076 943 1165 per
969 1051 1135 1139 utriculi
1164 1053 1345 1141 osculum
1371 1056 1416 1138 in
1445 1081 1493 1139 ea
1525 1077 1663 1165 parte,
1688 1081 1784 1140 cum
1809 1077 1896 1166 qua

613 1189 706 1246 rece
739 1160 917 1254 taculum
944 1166 1038 1250 flori
1068 1166 1368 1264 committitur,
1398 1166 1702 1282 egrediuntur3
1744 1162 1893 1252 deinde

616 1187 758 1384 petalo
787 1273 907 1361 affixa
936 1273 1176 1372 ascendunt,
1206 1306 1230 1360 a
1293 1305 1349 1364 uo
1373 1279 1537 1364 demum
1558 1276 1818 1391 separantur,
1846 1295 1895 1358 ut

617 1383 798 1494 primum
810 1380 991 1495 petalum
1006 1386 1050 1468 in
1064 1305 1365 1472 infundibrllum
1375 1390 1618 1500 explicatur,
1634 1387 1807 1472 &retia
1817 1381 1896 1470 sur-

618 1493 702 1584 sum
713 1491 932 1589 feruntur,
949 1495 1083 1606 apices
1093 1492 1274 1580 rubellos
1298 1496 1342 1577 in
1366 1497 1423 1580 sui
1436 1503 1692 1583 extremitate
1702 1498 1895 1584 sustinen-

618 1605 697 1699 tia,
725 1603 807 1715 ipsa
835 1603 981 1690 colore
1008 1605 1178 1719 pallida,
1206 1607 1303 1690 Pars
1332 1630 1468 1696 autem
1489 1610 1533 1691 in
1554 1608 1803 1718 receptaculi
1826 1634 1894 1693 ca·
2033 1655 2036 1666 ·

619 1715 750 1810 vitate
776 1735 1006 1812 contenta,
1036 1743 1130 1832 quae
1157 1713 1216 1802 est
1242 1716 1450 1832 embrpo,
1490 1716 1632 1808 tubam
1660 1715 1892 1834 oblongam

620 1826 840 1940 producit,
866 1855 962 1945 quae
990 1854 1063 1939 per
1090 1825 1341 1942 receptaculi
1370 1829 1550 1918 osculum
1578 1827 1820 1948 egreditur,
1849 1831 1895 1912 in

617 1939 736 2050 apice
764 1931 920 2030 crassa.
968 1941 1034 2028 Fit
1069 1961 1207 2032 autem
1262 1939 1435 2056 embryo
1482 1939 1616 2027 semen
1653 1939 1897 2054 globosum,

616 2074 833 2144 croceum,
862 2048 979 2166 quod
1005 2051 1050 2134 in
1070 2050 1336 2164 receptaculo
1357 2053 1619 2152 reconditur,
1648 2055 1788 2178 &per
1809 2079 1894 2138 ma·

614 2160 826 2363 puritatem
854 2187 938 2256 una
965 2188 1063 2258 cum
1089 2160 1354 2285 receptaculo
1376 2165 1433 2284 ad
1461 2184 1615 2267 terram
1633 2162 1815 2268 decidit,
1843 2160 1893 2254 &

633 2291 831 2366 emittatur
842 2335 852 2365 ι

1017 2561 1572 2692 crarusssxv„I

816 2918 819 2926 μ
877 2821 938 2892 De
968 2811 1204 2922 Receptacula
1232 2803 1420 2926 embry'om'
1446 2815 1645 2930 impostto.,

693 3046 710 3122 Ι
738 3067 798 3137 ea,
826 3070 918 3159 quae
944 3045 998 3126 de
1027 3052 1113 3144 :sala
1137 3051 1374 3144 aindicavi‚
1404 3054 1454 3137 ad
1475 3059 1616 3144 omnia
1637 3083 1815 3173 genera,
1846 3053 1893 3136 in

723 3151 871 3275 quibus
899 3154 1018 3236 flores
1047 3073 1263 3272 ernlrryoni
1293 3159 1581 3260 innascuntur,
1610 3169 1890 3278 pertinerent,

617 3257 729 3353 nulla
757 3263 853 3350 eslet
879 3261 1016 3362 causa,
1047 3293 1120 3352 cur
1149 3266 1259 3356 aliud
1286 3270 1338 3356 de
1368 3272 1634 3385 receptaculo
1661 3275 1895 3390 adjiceretur

618 3404 783 3476 verton,
847 3376 986 3464 uando
1013 3375 1117 3463 nihil
1147 3378 1257 3470 aliud
1284 3382 1464 3495 experiri
1482 3381 1623 3492 licuit,
1642 3388 1892 3502 ‘supervaca-

615 3512 734 3576 neam
762 3405 911 3578 noltrae
938 3488 1158 3605 diligentiae
1187 3521 1327 3582 curam
1363 3487 1454 3582 sore
1483 3523 1571 3584 non
1611 3501 1828 3599 arbitror,
1864 3491 1895 3588 st

616 3601 671 3690 de
696 3598 948 3716 receptaculi
975 3607 1137 3691 ratione
1166 3605 1211 3690 in
1237 3603 1312 3691 illis
1342 3606 1524 3707 floribuS‚
1552 3614 1629 3731 qui
1656 3608 1892 3732 embryom'*

615 3709 692 3796 bus
722 3713 998 3830 infinguntur,
1026 3715 1165 3813 exiis,
1194 3745 1288 3834 quae
1313 3717 1414 3802 mihi
1442 3721 1598 3812 adhoc
1627 3749 1710 3814 tern
1741 3753 1786 3816 us
1814 3749 1891 3809 noa

515 3891 523 3902 .
617 3841 661 3938 ta
687 3818 799 3920 sunt,
828 3822 984 3938 aliquid
1012 3829 1295 3943 proposuero.
1325 3832 1421 3916 Hoc
1449 3856 1589 3924 autem
1615 3865 1669 3924 eo
1696 3753 1890 3928 sdenu'us

614 3929 804 4044 praestare
832 3932 1052 4034 conabor,
1093 3969 1182 4060 quo
1211 3937 1351 4030 melius
1379 3948 1573 4036 noverim
1610 3946 1719 4034 illam
1754 3957 1894 4068 ταφῳ,

616 4045 730 4138 floris
759 4069 944 4154 naturam
973 4048 1015 4130 in
1041 4051 1209 4142 floribus
1239 4053 1413 4144 carnoso
1442 4059 1509 4146 vel
1537 4057 1670 4144 solido
1699 4061 1891 4182 embryo-

614 4155 660 4270 ni
689 4154 947 4270 insidentibus
977 4185 1065 4243 non
1093 4185 1177 4252 tam
1204 4161 1345 4265 facile,
1374 4168 1523 4255 etiamsi
1544 4167 1711 4268 sortasse
1736 4176 1894 4288 reperi-

612 4292 753 4380 retur,
779 4271 1177 4396 ellstattingeudam„
1193 4285 1242 4400 lu
1263 4275 1667 4392 umbellatisaurema
1696 4286 1771 4400 ‚qui
1791 4309 1896 4408 pro,

1264 4411 1273 4420 ·
1327 4403 1331 4413 '
1584 4401 1592 4408 “
1739 4407 1840 4512 prro
