4168 5418
316 415 318 419 ι
481 288 774 412 LIBER
821 287 1208 414 PRIMUS?
1281 415 1285 420 Ι
1361 333 1419 420 37

208 423 276 506 'res
306 413 543 504 exorientes
572 414 617 499 in
643 414 791 502 orbem
819 413 1122 530 disponantur,
1152 443 1199 507 ut
1224 414 1280 506 sui
1302 413 1395 510 litus
1416 419 1496 512 ro·'

206 530 412 617 tunditate
431 524 651 616 umbellam
672 525 913 626 effonuent,
940 555 1084 618 verum
1102 531 1225 650 quod
1246 529 1486 648 1111811111-

203 667 269 730 res
297 645 370 728 suo
398 642 654 728 innascantur
681 639 923 762 embryoni,
951 643 1026 759 qui
1054 671 1158 730 mox
1185 645 1227 726 in
1254 643 1341 734 duo
1370 648 1487 734 semi-

202 769 260 838 na
287 753 451 854 evadat,
479 751 641 871 singulis
669 752 829 840 idcirco
856 751 1149 874 embryonlbus
1174 753 1286 846 suum
1315 759 1485 848 attribu-

199 879 295 970 tum
322 867 380 954 est
406 861 714 982 receptaculum
741 865 836 952 deso
869 897 916 954 er
942 866 1198 982 impositum,
1220 871 1286 956 cui
1315 869 1485 958 stamina

203 1003 299 1066 cum
328 979 534 1094 apicibus,
563 977 612 1062 &
639 976 776 1103 petala
805 891 1040 1066 alberent.
1067 978 1170 1068 Illud
1190 985 1314 1066 etiam
1333 985 1376 1064 in
1395 1010 1484 1074 uma

204 1087 363 1178 bellatis
392 1091 531 1178 mirari
559 1083 694 1185 subit,
751 1088 876 1186 uod,
910 1118 1007 1178 cum
1044 1119 1098 1178 cx
1134 1115 1292 1178 nature
1321 1089 1480 1208 legibus

204 1217 271 1308 m'a
304 1209 343 1292 is
365 1229 601 1320 congruum
629 1195 738 1286 forta
768 1201 793 1287 'e
820 1197 971 1298 fitissct,
999 1221 1046 1288 ut
1072 1229 1122 1286 ea
1149 1215 1277 1315 parre,
1304 1207 1484 1320 quede-

202 1341 344 1404 orum
371 1323 502 1428 jacet,
529 1313 579 1402 &
607 1307 703 1400 basrs
731 1309 809 1399 ell'e
837 1311 1049 1410 creditur,
1077 1313 1150 1402 suo
1178 1313 1343 1430 petiolo
1370 1313 1486 1400 semi-

200 1448 259 1512 na
288 1426 566 1523 adhererent,
596 1423 732 1510 tamen
759 1425 805 1506 'in
834 1424 955 1538 apice
984 1433 1323 1540 conjunguntur,
1349 1423 1397 1512 &
1423 1427 1486 1524 in-

203 1541 318 1626 versa
398 1538 544 1632 ndent,
566 1531 773 1622 utscr'licet
792 1531 1064 1647 receptaculo
1086 1540 1328 1654 affigantur.
1350 1533 1487 1642 Qu'od'

202 1645 326 1759 prose
371 1677 400 1734 o
429 1673 517 1762 non
545 1645 652 1732 adeo
678 1645 910 1732 minutioris
934 1673 1041 1734 curae
1063 1643 1139 1732 cll'e
1161 1648 1482 1760 receptaculum,

240 1763 397 1848 uamvis
426 1759 562 1848 adhuc
588 1752 863 1876 neglestum,
891 1755 1102 1852 ostendit,
1140 1757 1206 1845 sed
1233 1759 1341 1846 inter
1364 1758 1489 1848 floris

194 1777 435 1981 sqruttusquc
457 1885 590 1975 partes
610 1873 677 1952 vel
698 1865 953 1978 praeclpllum
968 1862 1044 1952 effe
1066 1865 1325 1970 habendum,
1346 1900 1483 1989 quall-

194 1978 258 2088 uo
281 1973 509 2062 naturalem
529 1975 769 2060 nutritionis
788 1976 980 2060 ordinem
1000 1979 1151 2066 inverti
1161 1980 1368 2082 videmus,
1388 2012 1481 2104 quo
1550 2067 1561 2086 ,

191 2086 344 2198 jelarius
374 2083 623 2200 receptaculi
652 2108 801 2170 munus
827 2085 1018 2174 elucescit
1038 2117 1055 2172 .·
1091 2089 1170 2174 Sed
1204 2099 1282 2178 'am
1310 2094 1482 2210 expedit
1612 2185 1618 2202 ,

194 2226 248 2289 ut
283 2198 517 2285 denorum
556 2193 876 2286 umbellatotum
901 2219 1047 2284 natura
1083 2119 1345 2290 memlmatim
1372 2205 1483 2294 dica..

195 2329 288 2406 rnus
304 2373 315 2409 ,
326 2329 462 2426 partes
491 2307 663 2426 singulas
690 2305 926 2428 diligentius
954 2310 1229 2400 recensendo.
1255 2313 1489 2408 Ordiamur

195 2426 342 2542 itaque
366 2451 390 2508 a
416 2428 634 2523 ranicula,
670 2417 720 2506 &
753 2427 806 2510 cle
833 2419 906 2506 illo
934 2417 1317 2527 verbosantium,
1358 2433 1481 2551 quod

196 2559 354 2628 rocam
565 2561 568 2568 '
661 2559 663 2569 '
791 2561 795 2570 '

254 2657 486 2740 Feniculum
511 2652 696 2768 uulgari,
726 2649 884 2750 minus,
911 2651 1051 2760 acriori
1074 2648 1125 2747 ἀ
1142 2657 1313 2768 'nigriori
1329 2653 1478 2765 femiae

282 2772 345 2877 ²·J.
373 2772 432 2853 B.'
448 2801 484 2880 3.
512 2781 616 2866 Para.
637 2789 680 2852 a,
711 2795 746 2851 a.
781 2789 885 2875 147,
913 2761 1182 2848 &Toumefi
1201 2769 1283 2874 rnst.
1301 2765 1478 2852 R.Herb.

315 2882 679 2991 311.Foenicul‘nm
695 2883 781 2992 fiae
810 2874 1057 2960 Marathum
1086 2875 1281 2987 vulgatius
1315 2879 1484 2992 Adverfi

245 3017 528 3198 *Ex3iirlmulim
555 3102 630 3218 qui
658 3099 795 3214 pluras
828 3096 880 3184 ab
909 3113 995 3194 uno
1023 3095 1235 3210 principio
1257 3099 1477 3216 exordien-

198 3235 263 3302 res
291 3217 335 3302 in
359 3211 510 3300 orbem
536 3207 574 3295 se
600 3209 638 3296 se
669 3207 901 3297 diffimdunt
930 3207 977 3293 &
1005 3205 1236 3336 explicant,
1265 3211 1476 3322 prodeunt

197 3328 346 3424 slores,
374 3319 615 3410 circularem
652 3318 830 3410 formam
857 3319 914 3408 sui
954 3317 1158 3443 positione
1185 3314 1444 3406 efformantes
1464 3381 1487 3408 .-

201 3435 366 3553 .Singuli
396 3435 585 3549 quinque
624 3433 815 3520 constant
843 3425 987 3546 petalis
1024 3428 1335 3545 circunquaque
1364 3457 1478 3518 rece-

199 3548 356 3668 ptaculi
385 3543 517 3633 fundo
545 3545 673 3630 affixis
716 3545 876 3662 (quod
904 3543 1059 3628 summo
1099 3538 1317 3658 embryoni
1346 3539 1480 3666 1111ρο-

198 3665 315 3749 nitur
342 3658 457 3747 luteo
486 3655 631 3742 colore
659 3657 965 3773 conspicuum)
994 3649 1144 3739 sursum
1170 3652 1212 3734 in
1241 3669 1477 3739 extrermta·
1524 3740 1529 3752 ,

198 3797 242 3860 te
271 3775 431 3859 reflexis
461 3767 507 3854 &
533 3765 711 3881 plicatis,
740 3767 976 3886 luteisque.
1004 3771 1112 3850 Inter
1140 3757 1319 3876 petalum
1340 3786 1477 3854 autem
1573 3779 1576 3786 '

201 3885 248 3972 &
308 3883 460 3969 etalum
497 3907 552 3964 ex
589 3880 740 3968 eodem
777 3875 1042 3992 receptaculo
1083 3873 1351 3993 egrediuntur
1379 3877 1476 3962 toti-

199 3993 252 4083 de
323 3995 491 4080 stamina
518 4021 540 4074 a
578 3993 585 4006 ’
613 4017 655 4075 es
684 3993 816 4078 luteos
844 3991 1107 4078 sustinentia.
1135 3981 1334 4073 Arefaffis
1364 3989 1476 4080 flori,-

201 4108 275 4198 bus
306 4105 535 4192 &stamini
566 4129 611 4190 us
643 4103 938 4229 apicibusque,
974 4123 1197 4220 erumpunt
1235 4122 1471 4212 ereccpta-

202 4219 299 4304 culo
331 4215 521 4304 seminum
551 4215 681 4311 tubae,
712 4215 837 4314 binae,
866 4218 908 4299 in
934 4213 1095 4332 fingulis
1123 4207 1313 4305 floribus,
1345 4209 1392 4294 &
1413 4205 1474 4308 lu·-

199 4331 257 4420 tel
285 4327 439 4421 coloris
460 4337 480 4416 ’.’
508 4327 697 4447 Embryo]
731 4353 865 4443 porro
890 4329 936 4412 in
963 4329 1049 4413 duo
1077 4322 1226 4410 semina
1255 4314 1476 4516 abif-,nob-

253 4446 278 4488 .=.
328 4445 353 4494 ,1
996 4466 1020 4526 c
1076 4465 1098 4552 3
1339 4455 1368 4515 0
1395 4483 1440 4502 „
