4120 5414
652 225 740 314 ηι
875 169 1585 305 DISSERTATIO

580 313 708 402 flores
732 377 743 398 .
780 317 892 398 Inter
911 309 990 398 hos
1012 311 1333 436 interponuntur
1354 304 1532 428 squamae
1551 323 1631 400 ora
1655 313 1873 439 eleganter

586 424 740 539 crispa,
768 422 978 539 albidique
1002 419 1182 510 colons.
2009 441 2012 446 ·

653 653 658 670 '
702 655 781 735 AEc
804 650 892 736 sunt
919 677 1011 767 quae
1035 645 1087 732 de
1142 645 1328 733 entribus
1349 665 1436 734 tum
1455 652 1603 739 semine
1626 674 1716 746 tum
1739 656 1863 751 thala.

578 655 632 872 Ι
730 791 802 846 mo
827 761 1045 878 squamatis
1065 675 1290 848 differenda
1322 761 1502 870 judicavi
1524 791 1534 848 t
1576 793 1688 853 nunc
1711 769 1857 860 ultimo

578 877 680 964 loco
704 875 825 959 adea
855 875 1020 965 veniam
1042 897 1225 988 quorum
1244 872 1411 958 thalami
1449 875 1561 963 nuda
1580 878 1725 968 semim
1741 881 1860 996 iqua..

579 989 655 1072 mis
677 984 1031 1098 complcdiuntun
1061 1008 1108 1073 ut
1126 985 1216 1072 sunt
1232 987 1389 1082 catula,
1420 990 1726 1104 naphthalmum,
1754 1001 1855 1080 Cha..

580 1107 811 1194 maemelum,
840 1103 1117 1212 Miliefhlium,
1145 1105 1355 1191 Ptarmica,
1384 1098 1431 1191 (ῥ’
1452 1106 1677 1210 Asteroides.

692 1213 802 1296 Otula
828 1225 939 1293 Porro
967 1211 1040 1312 (ut
1066 1205 1213 1292 ordine
1235 1206 1397 1314 dicam)
1415 1243 1537 1322 genus
1557 1215 1624 1326 affe
1658 1229 1847 1319 novimus,

581 1215 686 1430 C
720 1324 871 1405 radiata
893 1327 1053 1436 capitula
1073 1325 1245 1433 ferens,
1283 1319 1416 1432 quibus
1427 1326 1553 1434 flores
1577 1328 1851 1442 semifltstulost

578 1447 748 1552 primum
768 1445 809 1515 in
830 1464 956 1518 corona
976 1493 986 1527 ,
1015 1433 1207 1544 flosculrfi
1223 1457 1351 1512 autem
1365 1447 1514 1548 proprie
1551 1444 1649 1521 dissi
1668 1453 1851 1526 continen-

579 1575 646 1629 tur
669 1558 708 1630 in
731 1545 829 1654 disco
850 1575 863 1647 3
904 1547 1034 1628 horum
1053 1569 1181 1626 autem
1212 1541 1421 1654 embryones
1452 1557 1493 1631 in
1514 1547 1664 1657 firmina
1687 1555 1854 1666 crescunt

576 1665 710 1772 plana,
740 1657 785 1750 ό*
803 1661 928 1751 alata,
958 1656 1112 1764 insertis
1125 1656 1295 1768 squamis
1318 1664 1358 1736 in
1376 1655 1538 1740 thalamo
1557 1665 1730 1774 reposita.

638 1772 736 1852 Haec
756 1763 840 1850 fere
861 1797 884 1850 a
907 1764 1213 1852 Tournefortio
1235 1765 1288 1849 de
1310 1792 1464 1878 genere
1487 1770 1707 1858 constituta
1725 1773 1851 1862 habe-

579 1908 695 1974 muS,
726 1878 876 1997 quibus
888 1902 962 1962 nos
985 1878 1152 1962 thalami
1173 1877 1384 1960 discrimen
1406 1878 1697 1998 subjungimus.
1723 1888 1846 1971 Nunc

580 1992 820 2104 proximum
842 1987 931 2084 est,
977 2011 1024 2076 ut
1041 1991 1093 2076 de
1116 2017 1170 2075 eo
1191 2015 1310 2079 tnore
1331 1987 1596 2112 institutoque
1616 1995 1756 2081 nostro
1776 1995 1851 2080 sm⁴

579 2101 752 2216 gillatim
771 2100 1002 2188 videamus.
1110 2173 1112 2178 .
1399 2171 1403 2178 .

637 2219 808 2296 cotulam
828 2239 951 2300 unam
969 2215 1088 2303 nobis
1107 2243 1355 2338 comparare
1382 2223 1589 2334 potuimus
1609 2285 1620 2319 ,
1661 2249 1753 2339 quae
1773 2217 1850 2304 sre-

579 2349 713 2443 quens
735 2327 777 2408 in
799 2325 923 2412 altera
943 2326 1065 2414 Italiae
1089 2355 1237 2447 parte,
1265 2329 1335 2416 hic
1358 2353 1495 2416 tamen
1515 2333 1662 2444 sponte
1682 2359 1768 2414 non
1786 2334 1850 2446 gi-

611 2441 741 2539 nitut3
774 2437 872 2522 ideo
894 2441 1110 2555 quousque
1134 2441 1398 2528 confirmatur
1421 2503 1433 2536 ,
1474 2439 1613 2526 alimus
1634 2436 1846 2542 fissilibust

623 2545 731 2632 ostra
750 2571 866 2635 aetate
889 2580 913 2634 a
932 2555 1136 2638 Botanicis
1160 2555 1247 2640 haec
1271 2552 1327 2634 ita
1349 2553 1612 2638 enuntiatur:

634 2665 766 2744 cotula
779 2665 881 2777 flore
894 2669 1016 2763 luteo,
1038 2670 1187 2750 radiato
1215 2659 1413 2749 Tournef.
1436 2667 1515 2762 lusi.
1544 2668 1592 2749 R.
1604 2663 1716 2747 Herb.
1735 2689 1789 2766 49
1790 2695 1842 2770 5.,

693 2776 981 2892 Bupbthalmum
999 2779 1342 2893 tenutfoliumfolio
1356 2837 1368 2870 ‚
1381 2779 1588 2892 Millefolii
1596 2777 1687 2887 fere
1710 2777 1796 2880 J.B.
1810 2807 1848 2883 3.

695 2917 781 2992 124.
816 2907 869 2972 Bu
894 2892 1107 2974 hthalmum
1125 2898 1293 2976 alterum
1316 2889 1417 3006 sosio
1441 2887 1486 2983 ds
1497 2892 1604 3003 facie
1625 2891 1758 2969 cotula
1768 2889 1847 2998 fse-

690 3006 779 3081 sida
800 2917 904 3089 [ος.
932 3021 1024 3086 Iton.
1044 3033 1137 3114 77²·
1457 3037 1458 3040 ’

574 3107 713 3198 Doleo
733 3131 868 3198 autem
890 3114 1143 3210 Auditores,
1182 3143 1273 3201 eam
1296 3112 1482 3202 nondum
1515 3109 1764 3205 adolevisti,
1801 3129 1848 3194 ut

576 3220 789 3336 explicatis
812 3223 1015 3322 floribus,
1055 3223 1201 3312 clarius
1225 3222 1449 3338 &plenius
1470 3229 1678 3345 genericae
1710 3241 1843 3336 partes

576 3336 909 3424 ostenderentur.
939 3331 1072 3446 Quod
1092 3338 1211 3451 potui
1233 3361 1372 3424 catnen
1404 3337 1505 3423 steca
1540 3335 1657 3423 attuli
1677 3338 1812 3450 capita
1833 3391 1847 3426 ,

574 3475 630 3532 ex
683 3448 798 3535 uibus
829 3451 1005 3535 recentis
1026 3446 1169 3535 formae
1197 3451 1417 3567 imaginem
1448 3449 1687 3544 haberetis,
1725 3446 1848 3533 nobis

574 3475 778 3678 quidquid
801 3560 1046 3652 exsiccando
1067 3561 1329 3674 deperditur,
1359 3562 1506 3646 exiliis
1532 3591 1626 3681 quae
1646 3563 1688 3644 in
1708 3559 1844 3644 aniano
1881 3639 1885 3644 .

573 3669 868 3786 comprehensa
888 3695 1094 3771 tenemus,
1122 3673 1290 3762 subinde
1311 3671 1679 3788 suppeditantibus.

627 3787 676 3864 In
697 3782 908 3870 cacumine
928 3786 1070 3904 itaque
1093 3786 1146 3873 de
1167 3785 1326 3874 summis
1347 3785 1510 3870 ramulis
1541 3783 1754 3904 singularia
1776 3806 1848 3870 exa

573 3913 674 3975 eunt
694 3896 850 4007 capita,
878 3896 995 4008 spissis
1019 3893 1396 4015 villislanuginosa‚
1425 3919 1471 3985 ut
1491 3899 1625 3987 adhuc
1642 3898 1846 3986 cernitur.

572 4005 738 4091 Horum
759 4002 878 4124 calyx
897 4007 1071 4124 squamis
1094 4009 1179 4097 fere
1199 4008 1421 4138 ‘aequalibus
1443 4009 1519 4107 fit,
1548 4014 1591 4094 in
1612 4009 1842 4096 extremitat*

572 4133 615 4196 te
636 4115 932 4236 cartilagineis,
961 4121 1147 4238 villoque
1166 4122 1291 4209 denso
1313 4117 1528 4211 mollibus
1556 4124 1629 4208 His
1654 4117 1841 4204 deorsum

570 4217 765 4343 reflexis,
793 4257 968 4351 apparet
988 4261 1160 4325 coronat
1182 4235 1459 4354 principium
1499 4234 1714 4432 nascuntusr
1735 4230 1845 4349 euim

623 4385 634 4400 v
1694 4366 1786 4429 emt-
