4168 5418
640 259 698 327 62
831 230 1574 330 AWTHOLOGIAE·

577 357 785 475 quoniam
819 349 966 440 dehis
997 347 1156 463 plenius
1187 349 1236 436 δι
1261 347 1495 466 diligentius
1534 349 1785 440 insecundo
1813 351 1863 438 li.

579 472 661 558 bro
689 481 766 550 nos
796 463 984 552 dicturos
1014 460 1288 551 arbitramur.
1316 458 1537 578 Quidquid
1564 464 1691 581 igitur
1716 464 1769 552 de
1796 486 1866 553 tua

577 581 641 671 bae
671 601 843 666 munere
865 573 1144 686 conjeslando
1166 575 1374 692 attigerim
1425 577 1584 660 rotinus
1604 599 1864 690 proponam,

580 711 725 817 eoque
753 687 941 774 fidentius
969 688 1134 784 dicam,
1172 686 1291 806 quod
1318 685 1371 773 de
1394 599 1478 772 iiac
1505 683 1588 800 ipsa
1614 717 1660 774 re
1687 691 1730 774 in
1757 687 1861 776 meis

379 871 457 939 Tb
484 869 545 937 XL
583 799 927 894 diflertationibus
966 827 1109 886 coram
1146 798 1379 888 doslislimis
1396 799 1507 908 ,viris
1539 795 1865 913 disputaverim,

380 891 564 1041 ss³g.'1.2.3.
585 917 709 1005 Tuba
737 916 874 1033 itaque
901 915 987 998 hoc
1018 915 1271 1028 praecipuum
1298 937 1443 1001 munus
1463 909 1661 998 exhibere
1681 912 1781 999 mihi
1800 913 1874 1000 via

380 1056 410 1123 4
585 1031 738 1124 detur,
766 1047 812 1112 ut
840 1050 915 1138 per
943 1025 1068 1138 ipsam
1096 1055 1165 1112 aer
1192 1027 1236 1106 in
1262 1018 1418 1117 fruetus
1458 1025 1680 1117 cavitatem
1704 1021 1862 1112 delatus

579 1157 804 1228 contentos
832 1137 977 1226 succos
1006 1139 1049 1220 in
1076 1159 1238 1224 motum
1265 1139 1404 1235 cieat,
1442 1164 1539 1257 quo.
1564 1127 1719 1223 facilius
1749 1162 1864 1222 coma

579 1249 725 1368 plicari
764 1248 920 1336 seminis
948 1275 1084 1366 partes
1114 1249 1244 1338 subire
1276 1249 1470 1339 valeant.
1505 1253 1603 1336 Hoc
1640 1273 1778 1336 autem
1807 1273 1863 1334 ers

580 1390 636 1450 eo
667 1381 802 1476 patet,
832 1363 1012 1476 primum
1040 1361 1159 1479 quod
1196 1387 1270 1444 aer
1295 1358 1610 1474 pernecessarius
1635 1361 1714 1462 est,
1735 1385 1781 1450 ut
1804 1359 1868 1446 ob

585 1477 593 1492 ’
627 1471 700 1570 sius
731 1473 1077 1588 compressionem
1103 1470 1259 1556 sestrinis
1287 1497 1337 1555 an
1369 1473 1487 1560 ustias
1509 1473 1706 1560 humores
1728 1475 1769 1558 in
1802 1501 1867 1558 rea

580 1501 767 1679 iiiantur,
796 1583 948 1667 deinde
975 1580 1095 1697 quod
1123 1579 1229 1665 nihil·
1253 1577 1304 1665 ali
1389 1645 1401 1680 ,
1431 1580 1502 1666 nist
1530 1589 1680 1680 aer,in
1705 1581 1768 1672 fru
1817 1609 1868 1670 us

583 1697 803 1786 cavitatem
830 1720 908 1810 per
937 1693 1054 1783 tubas
1083 1685 1220 1807 potest
1247 1693 1434 1782 admitti.
1474 1695 1614 1789 Nam,
1642 1693 1720 1780 sia
1753 1699 1868 1785 icum

583 1804 827 1922 corpuscula
854 1809 970 1920 juxta
997 1805 1261 1926 quorundam
1289 1803 1677 1918 philosophantium
1719 1829 1866 1890 enten-

583 1923 685 2006 tiam
712 1945 788 2032 per
815 1915 931 2006 tubas
960 1920 1002 2004 in
1031 1941 1194 2007 uterum
1220 1913 1371 2003 deferri
1399 1916 1700 2025 conjiciamus,
1733 1918 1866 2003 statim

584 2031 881 2150 gummitiones
908 2029 1006 2129 illa,
1027 2027 1210 2146 pilorum
1237 2029 1430 2126 ordines,
1448 2026 1609 2124 fistula,
1630 2029 1679 2114 &
1704 2029 1873 2144 viarum

586 2143 772 2262 angustia
800 2143 851 2232 ab
879 2147 958 2233 hac
987 2144 1191 2257 opinione
1216 2163 1452 2242 revocant3
1490 2137 1519 2224 fi
1547 2165 1653 2230 vero
1692 2140 1746 2225 ad
1774 2136 1867 2226 illos

586 2255 840 2353 accedimus,
869 2260 943 2377 qui
970 2281 1060 2338 non
1084 2257 1251 2368 apicum
1274 2249 1537 2368 corpuscula,
1563 2248 1631 2339 sed
1653 2249 1870 2347 volatilem

588 2368 754 2455 succum
782 2368 874 2452 ina
908 2366 1035 2452 icibus
1064 2386 1309 2466 contentum
1338 2366 1475 2476 excipi
1505 2363 1741 2450 atubarum
1760 2363 1870 2454 fistu-

589 2477 637 2561 lis
667 2395 1002 2571 tradunt,iatim
1029 2502 1104 2558 cur
1132 2496 1247 2559 tanta
1274 2473 1582 2563 machinatione
1603 2477 1672 2563 via
1693 2474 1760 2560 illa
1781 2503 1871 2582 mu.

485 2665 490 2694 ‚
592 2586 678 2671 nita
706 2579 849 2681 suerit,
878 2587 1003 2670 menti
1033 2582 1297 2673 obversatur.
1324 2585 1509 2683 Idcirco,
1539 2583 1690 2670 etiamst
1718 2589 1870 2702 apices,

593 2697 668 2825 qui
696 2705 741 2778 in
768 2695 950 2812 plurimis
977 2689 1127 2890 plantis
1156 2719 1244 2778 non
1273 2699 1554 2820 reperiuntur,
1571 2695 1651 2797 sem
1680 2728 1725 2785 er
1752 2726 1871 2814 repe·

592 2809 688 2906 rrri,
719 2810 765 2897 &
794 2808 958 2921 apicum
994 2832 1141 2894 uccum
1163 2803 1215 2890 ad
1236 2806 1385 2895 semma
1409 2725 1687 2896 foecundancia
1709 2839 1782 2925 per
1809 2834 1874 2898 tu·

592 2919 737 3010 barum
764 2915 910 3006 fistulas
938 2919 982 3002 in
1009 2911 1161 3006 frustus
1190 2921 1442 3016 cavitatem,
1479 2919 1604 3007 &ad
1633 2923 1872 3040 embryonis

593 3032 848 3148 principium
874 3049 1093 3141 penetrare
1121 3027 1232 3116 ultro
1255 3031 1397 3117 darem
1419 3053 1547 3144 atque
1573 3037 1873 3128 concederem,

595 3139 732 3226 adhuc
763 3159 900 3252 tamen
926 3139 981 3223 de
1008 3136 1221 3225 canaliculi
1249 3167 1420 3228 munere
1448 3141 1741 3256 inquirendum
1763 3140 1874 3228 ess'et.

594 3255 747 3368 Neque
775 3272 912 3338 tamen
942 3245 1227 3338 Toutnesortii
1258 3251 1474 3350 sententia,
1505 3255 1578 3368 qui
1602 3251 1761 3344 inutiles
1784 3282 1877 3370 par*

595 3383 655 3452 tes
683 3361 869 3460 seccmi,
909 3366 957 3451 δι
984 3385 1101 3450 extra
1128 3363 1308 3453 sruslum
1337 3367 1541 3452 amandari
1569 3391 1646 3482 per
1674 3367 1793 3456 tubas
1823 3395 1874 3454 o-

593 3481 756 3594 pinatus
787 3476 874 3574 est,
904 3475 1092 3568 valeret.
1121 3480 1259 3576 Nam,
1298 3476 1452 3564 silenti
1481 3476 1529 3563 &
1554 3475 1713 3568 resinati
1742 3479 1877 3576 succi,

594 3585 689 3718 pili,
718 3589 876 3685 fistula,
897 3591 943 3676 &
970 3589 1185 3678 tenuiffimi
1210 3587 1424 3679 canaliculi
1452 3590 1657 3710 quidquid
1684 3590 1878 3680 deorsum

596 3697 799 3796 allabitur,
830 3696 910 3786 fisti
938 3724 1134 3821 cogunt,
1163 3704 1350 3819 quamvis
1379 3729 1563 3818 corpora
1592 3707 1736 3792 omnia
1762 3725 1880 3792 natu·

597 3809 735 3895 taliter
762 3811 907 3922 suopte
938 3813 1128 3926 pondere
1156 3814 1344 3904 deorsum
1371 3811 1586 3915 ferantur,
1623 3819 1756 3906 multo
1783 3813 1880 3904 saci-

600 3918 700 4044 lius,
728 3919 879 4042 siquid
906 3922 1052 4014 sursum
1079 3925 1336 4026 ascenderet,
1361 3929 1626 4044 prohibitura
1656 3957 1782 4017 nemo
1807 3955 1880 4012 ne·

598 4032 737 4155 gabrt.
764 4034 940 4122 Accedit
970 4040 1113 4138 etiam,
1142 4039 1374 4151 ut'nullum
1400 4067 1577 4156 corpus,
1600 4038 1670 4124 nisr
1699 4067 1780 4157 pso
1812 4041 1881 4124 rio

599 4167 720 4236 motu
749 4149 930 4249 citatur,
959 4173 1005 4240 ut
1033 4151 1077 4235 in
1105 4155 1373 4246 animantibus
1394 4151 1623 4267 contingit,
1649 4173 1733 4242 tam
1759 4067 1881 4236 (sicile

595 4258 747 4386 suun
772 4255 871 4390 sem
898 4265 1034 4388 saltat
1054 4265 1208 4390 udal
1236 4267 1397 4390 ianr,
1423 4261 1496 4384 ns
1525 4291 1629 4387 stt,
1656 4289 1737 4386 pes
1761 4257 1882 4348 Μ

742 4405 748 4426 ‘
1754 4393 1826 4467 aut
