4088 5412
616 183 707 269 no
904 167 1499 286 nrrtrrrnrro

550 325 645 390 non
675 291 900 388 candidos,
928 287 996 378 sed
1023 286 1156 375 luteos
1186 282 1311 392 ferat,
1342 283 1391 374 bt
1418 289 1512 378 illos
1531 291 1658 384 etianl
1683 271 1840 422 quibus

545 436 641 500 tota
699 404 834 493 erretis
860 405 967 488 ratio
987 399 1247 498 attribuitur,
1275 401 1608 494 serniflosculusos
1628 423 1839 536 numquid

546 525 648 612 tuba
722 542 787 603 tea
816 537 987 600 ornatos
1019 539 1106 596 non
1134 512 1317 601 videmus
1340 524 1355 596 r
1396 521 1495 625 Qua
1527 543 1678 636 ropter
1704 527 1734 614 sr
1761 559 1837 620 un.

546 662 677 754 quam
704 635 893 725 eveniet,
922 647 970 712 ut
996 627 1312 710 Leucanthemm
1339 546 1525 745 aliquod
1541 635 1649 718 tlore
1677 661 1837 760 purpur
1953 681 1959 690 ·

545 776 622 835 reo
644 768 861 838 ornatum,
889 760 962 827 aut
985 734 1100 824 luteo
1124 739 1371 852 reperiatur,
1403 747 1836 842 Leecmhemmnun.

547 887 703 977 cupare
731 879 1001 973 nequaquam
1028 852 1282 939 verebimur:
1309 853 1369 936 ita
1391 855 1559 942 vicissim
1587 861 1836 975 cbryfinthe.

547 1008 681 1070 mum,
722 969 803 1057 five
832 991 1064 1079 purpureos
1093 963 1173 1052 srve
1213 963 1413 1052 candidos
1453 964 1581 1055 flores
1616 979 1832 1092 gigneret,
1890 1029 1899 1038 -

548 1083 840 1194 chryfinthenu'
874 1077 1032 1192 semper
1070 1071 1351 1205 appellatione
1390 1083 1685 1171 enuntiarem.
1727 1079 1829 1286 OHua'

551 1199 721 1316 quidem
749 1194 867 1275 inre
896 1186 1240 1276 Tournefortrurn
1266 1191 1319 1278 ab
1347 1194 1665 1310 reprehensione
1697 1201 1766 1288 vin
1794 1203 1831 1284 ia

548 1337 643 1394 care
672 1301 945 1390 nullomodo
976 1303 1202 1414 pollumuS,
1228 1306 1327 1422 qui,
1357 1306 1577 1430 postquam
1603 1310 1824 1402 constituis

548 1422 603 1506 set
632 1415 961 1528 chrysanthemum
988 1411 1165 1502 floribus
1195 1418 1327 1504 aureis
1355 1423 1673 1508 arcacensem
1693 1423 1828 1530 distin,

547 1534 644 1652 gui,
674 1531 827 1644 adjecit
837 1529 1140 1639 chrysanthemis
1167 1527 1336 1645 stirpen,
1365 1557 1462 1652 quae
1487 1529 1657 1622 floribus
1686 1535 1831 1621 candi‹

548 1647 609 1732 dis
639 1662 915 1737 ornat-entur,
940 1665 990 1728 ut
1018 1640 1354 1755 chrysanthemum
1367 1647 1467 1760 flore
1483 1658 1628 1760 partim
1650 1653 1830 1744 candido,

544 1766 689 1874 partim
719 1759 823 1838 lutea
851 1759 931 1866 [κβ.
960 1757 1012 1842 R.
1038 1755 1154 1840 Herb.
1175 1781 1271 1864 492.
1292 1757 1618 1871 chrysanthemum
1626 1759 1727 1872 flore
1745 1765 1832 1876 ples

549 1903 616 1965 m,
643 1877 790 1984 partim
815 1872 1001 1962 eandida,
1024 1878 1170 1984 partim
1196 1875 1297 1955 luteo
1326 1887 1367 1958 In
1396 1873 1481 1958 .-R.
1510 1873 1624 1956 Herb.
1650 1897 1743 1978 49²·
1772 1875 1827 1954 Et

549 2004 754 2096 quantum
781 1977 833 2061 ad
863 2005 1019 2065 nomen
1042 1983 1252 2093 pertinet,
1291 1981 1338 2068 di
1410 2012 1453 2070 m
1481 1981 1537 2069 est
1566 1981 1692 2080 satier
1730 2006 1831 2068 nam

549 2119 645 2181 cum
674 2089 914 2204 intelligitur
938 2093 1082 2210 „quid
1109 2094 1354 2210 significetur
1377 2160 1389 2196 ,
1416 2096 1549 2184 minus
1577 2094 1631 2182 de
1661 2093 1831 2178 nornine

547 2201 822 2294 laborandum
849 2202 1024 2316 judico.
1055 2207 1303 2296 Proximum
1330 2211 1390 2298 est
1425 2207 1568 2300 videre
1608 2232 1708 2294 num
1742 2205 1830 2291 hoc

549 2313 748 2402 soliorum
776 2312 1002 2413 discrimen,
1034 2320 1155 2437 quod
1184 2321 1293 2407 inter
1304 2323 1638 2438 chrysanthemum
1667 2317 1716 2404 dc
1737 2335 1833 2402 Lena

549 2431 785 2514 eranthemim
797 2430 1011 2540 ponimus,
1040 2455 1199 2517 certtun
1216 2425 1399 2518 sutorum
1422 2431 1641 2546 srtgenerr's
1662 2424 1834 2540 signum·

549 2537 687 2650 Quod
715 2565 793 2623 nos
822 2540 991 2628 minime
1016 2544 1256 2629 affirmamus
1278 2569 1289 2627 ε
1323 2541 1392 2628 sed
1419 2539 1583 2628 abunde
1609 2537 1719 2635 erit,
1756 2559 1831 2638 ut,

549 2680 647 2740 curn
672 2651 725 2737 ab
754 2649 838 2736 aliis
866 2653 1148 2768 capitulorum
1174 2649 1308 2742 forma
1336 2657 1385 2741 δε
1424 2651 1608 2769 partibus
1647 2651 1834 2764 separem

545 2788 640 2863 tur,
670 2765 779 2850 inter
806 2763 845 2851 se
874 2793 1050 2886 quoque
1074 2763 1274 2854 soliorum
1292 2766 1517 2855 differentia
1541 2763 1834 2851 discernantur.

551 2876 917 2986 Quemadmodum
944 2882 988 2964 in
1017 2876 1126 2978 aliis,
1151 2908 1251 2996 quae
1279 2907 1519 2998 congenerat
1539 2877 1649 2975 sunt,
1678 2875 1829 2962 eodem

547 2987 748 3077 soliorum
774 2989 1009 3076 discrimine
1037 2991 1225 3088 utimur;
1262 2998 1405 3075 Malva
1432 2993 1543 3076 enirn
1572 2989 1625 3074 ab
1662 2989 1831 3082 Althaea,

549 3099 597 3186 &
625 3100 676 3188 ab
704 3104 818 3188 Alcea
848 3100 956 3189 soliis
982 3101 1213 3214 separatur,
1244 3097 1292 3184 &
1312 3101 1503 3203 viciffim5
1533 3101 1591 3184 ita
1617 3100 1760 3182 Altbaea
1779 3097 1836 3185 ab

550 3217 687 3312 Alter,
719 3231 837 3302 Arum
867 3247 891 3301 a
920 3217 1174 3308 Dracunculo,
1203 3217 1436 3298 Feniculum
1464 3241 1488 3296 a
1515 3229 1627 3307 Meo,
1659 3214 1837 3294 uallium

550 3352 577 3407 a
602 3341 803 3425 cruciata,
831 3329 988 3445 Thiaspr'
1016 3353 1040 3412 a
1069 3328 1285 3438 Nqsurcio,
1314 3323 1604 3439 Buphthalmum
1626 3354 1650 3409 a
1675 3323 1842 3406 Chama-

550 3441 682 3536 mlo,
725 3445 981 3556 Millefolium
1010 3469 1034 3522 a
1066 3449 1286 3524 ptarmica.
1319 3441 1426 3522 llaec
1465 3437 1634 3531 omnia,
1676 3433 1724 3518 δί
1761 3432 1840 3520 alia

554 3551 853 3665 quamplurima
894 3552 1004 3636 foliis
1035 3573 1197 3638 tantum
1233 3547 1528 3651 dill'ociantur3
1564 3575 1663 3669 quae
1699 3567 1839 3634 tamen

556 3661 688 3779 uulgo
726 3666 979 3777 recipimus,
1023 3663 1073 3748 δι
1112 3665 1343 3747 necessitate
1371 3662 1541 3758 consti,
1579 3661 1837 3758 retinemus5

553 3776 714 3900 quippe
742 3773 790 3858 &
819 3775 1113 3862 infirmioribus
1143 3771 1261 3892 srgnis
1285 3773 1524 3864 haerendum
1546 3771 1621 3870 est,
1649 3797 1701 3856 ne
1722 3765 1837 3857 srmul

553 3907 697 3972 ornma
721 3886 767 3966 in
793 3914 926 3973 unum
953 3912 1097 3984 ruant,
1126 3889 1476 4000 mrsceanturque.

609 3995 693 4079 Sed
721 4004 804 4108 jam
831 4019 993 4114 tempus
1023 4000 1082 4086 est
1109 3997 1164 4087 ad
1191 4001 1235 4084 id
1263 3999 1381 4120 quod
1420 3996 1738 4114 proposuimus,
1775 4025 1840 4080 ac-

554 4105 734 4208 cedere,
759 4111 964 4227 quoniam
986 4112 1042 4197 de
1068 4113 1249 4200 nominis
1273 4145 1321 4204 ac
1344 4111 1580 4204 discrbnuris
1597 4113 1761 4200 ratione
1776 4105 1838 4191 sa-

552 4219 607 4304 u's
631 4216 838 4342 superque
869 4222 1121 4341 disputatum
1150 4225 1234 4352 est:
1693 4335 1718 4424 b
1816 4278 1820 4287 ·

603 4401 606 4409 ,
687 4410 690 4418 ,
1661 4355 1696 4424 c
1716 4363 1778 4450 ry*
1822 4419 1827 4428 ,
